[gd_scene load_steps=2 format=3 uid="uid://i7nl41ynmr6k"]

[ext_resource type="Material" uid="uid://bk1jki3qc31vu" path="res://textures/resources/CSG.tres" id="1_8w16c"]

[node name="minitile_3x4_1" type="Node3D"]

[node name="CSGBox3D" type="CSGBox3D" parent="."]
transform = Transform3D(1, 0, 0, 0, 1, 0, 0, 0, 1, 0, -25, 0)
material_override = ExtResource("1_8w16c")
size = Vector3(24, 50, 32)

[node name="CSGBox3D9" type="CSGBox3D" parent="."]
transform = Transform3D(1, 0, 0, 0, 1, 0, 0, 0, 1, 5, -1.5, -8.5)
material_override = ExtResource("1_8w16c")
size = Vector3(12, 7, 13)

[node name="CSGBox3D14" type="CSGBox3D" parent="."]
transform = Transform3D(1, 0, 0, 0, 1, 0, 0, 0, 1, 5, 3, -8.5)
material_override = ExtResource("1_8w16c")
size = Vector3(8, 2, 9)

[node name="CSGBox3D15" type="CSGBox3D" parent="."]
transform = Transform3D(1, 0, 0, 0, 1, 0, 0, 0, 1, -3, 3.5, 3)
material_override = ExtResource("1_8w16c")
size = Vector3(4, 7, 4)

[node name="CSGBox3D16" type="CSGBox3D" parent="."]
transform = Transform3D(1, 0, 0, 0, 1, 0, 0, 0, 1, -3, 10.5, 4)
material_override = ExtResource("1_8w16c")
size = Vector3(12, 7, 14)

[node name="CSGBox3D17" type="CSGBox3D" parent="."]
transform = Transform3D(1, 0, 0, 0, 1, 0, 0, 0, 1, -3, 15, 4)
material_override = ExtResource("1_8w16c")
size = Vector3(8, 2, 10)

[node name="CSGBox3D18" type="CSGBox3D" parent="."]
transform = Transform3D(1, 0, 0, 0, 1, 0, 0, 0, 1, 2.5, 5.5, 4.5)
material_override = ExtResource("1_8w16c")
size = Vector3(1, 3, 13)

[node name="CSGBox3D19" type="CSGBox3D" parent="."]
transform = Transform3D(1, 0, 0, 0, 1, 0, 0, 0, 1, -8.5, 5.5, 3.5)
material_override = ExtResource("1_8w16c")
size = Vector3(1, 3, 13)

[node name="CSGBox3D20" type="CSGBox3D" parent="."]
transform = Transform3D(1, 0, 0, 0, 1, 0, 0, 0, 1, -3.5, 5.5, 10.5)
material_override = ExtResource("1_8w16c")
size = Vector3(11, 3, 1)

[node name="CSGBox3D21" type="CSGBox3D" parent="."]
transform = Transform3D(1, 0, 0, 0, 1, 0, 0, 0, 1, -2.5, 5.5, -2.5)
material_override = ExtResource("1_8w16c")
size = Vector3(11, 3, 1)

[node name="CSGBox3D22" type="CSGBox3D" parent="."]
transform = Transform3D(1, 0, 0, 0, 1, 0, 0, 0, 1, 8.5, 4, 11.5)
material_override = ExtResource("1_8w16c")
size = Vector3(5, 4, 5)

[node name="CSGBox3D23" type="CSGBox3D" parent="."]
transform = Transform3D(1, 0, 0, 0, 1, 0, 0, 0, 1, 9, 0.5, 12)
material_override = ExtResource("1_8w16c")
size = Vector3(2, 3, 2)

[node name="CSGBox3D24" type="CSGBox3D" parent="."]
transform = Transform3D(1, 0, 0, 0, 1, 0, 0, 0, 1, 8.5, 6.5, 11.5)
material_override = ExtResource("1_8w16c")
size = Vector3(3, 1, 3)

[node name="CSGBox3D5" type="CSGBox3D" parent="."]
transform = Transform3D(1, 0, 0, 0, 1, 0, 0, 0, 1, -6, -1, -9)
material_override = ExtResource("1_8w16c")
size = Vector3(4, 6, 6)

[node name="CSGBox3D7" type="CSGBox3D" parent="."]
transform = Transform3D(1, 0, 0, 0, 1, 0, 0, 0, 1, -6, 2.5, -9)
material_override = ExtResource("1_8w16c")
size = Vector3(2, 1, 4)
