[gd_scene load_steps=2 format=3 uid="uid://bqwnejea626a0"]

[ext_resource type="Material" uid="uid://bk1jki3qc31vu" path="res://textures/resources/CSG.tres" id="3_t6i8b"]

[node name="minitile_3x3_1" type="Node3D"]

[node name="CSGBox3D" type="CSGBox3D" parent="."]
transform = Transform3D(1, 0, 0, 0, 1, 0, 0, 0, 1, 0, -25, 0)
material_override = ExtResource("3_t6i8b")
size = Vector3(24, 50, 24)

[node name="CSGBox3D16" type="CSGBox3D" parent="."]
transform = Transform3D(1, 0, 0, 0, 1, 0, 0, 0, 1, -9.5, 1, -8)
size = Vector3(1, 2, 4)
material = ExtResource("3_t6i8b")

[node name="CSGBox3D19" type="CSGBox3D" parent="."]
transform = Transform3D(1, 0, 0, 0, 1, 0, 0, 0, 1, -4, 1, -9.5)
size = Vector3(4, 2, 1)
material = ExtResource("3_t6i8b")

[node name="CSGBox3D20" type="CSGBox3D" parent="."]
transform = Transform3D(1, 0, 0, 0, 1, 0, 0, 0, 1, 2, 1, -9.5)
size = Vector3(4, 2, 1)
material = ExtResource("3_t6i8b")

[node name="CSGBox3D21" type="CSGBox3D" parent="."]
transform = Transform3D(1, 0, 0, 0, 1, 0, 0, 0, 1, 8, 0.5, -9.5)
size = Vector3(4, 1, 1)
material = ExtResource("3_t6i8b")

[node name="CSGBox3D32" type="CSGBox3D" parent="."]
transform = Transform3D(1, 0, 0, 0, 1, 0, 0, 0, 1, 7, 1.5, -0.5)
size = Vector3(6, 1, 1)
material = ExtResource("3_t6i8b")

[node name="CSGBox3D22" type="CSGBox3D" parent="."]
transform = Transform3D(1, 0, 0, 0, 1, 0, 0, 0, 1, 5.5, 1, 5.5)
size = Vector3(9, 2, 1)
material = ExtResource("3_t6i8b")

[node name="CSGBox3D28" type="CSGBox3D" parent="."]
transform = Transform3D(1, 0, 0, 0, 1, 0, 0, 0, 1, 1.5, 1.5, -0.5)
size = Vector3(5, 3, 3)
material = ExtResource("3_t6i8b")

[node name="CSGBox3D30" type="CSGBox3D" parent="."]
transform = Transform3D(1, 0, 0, 0, 1, 0, 0, 0, 1, 1.5, 7.5, -0.5)
size = Vector3(1, 9, 1)
material = ExtResource("3_t6i8b")

[node name="CSGBox3D29" type="CSGBox3D" parent="."]
transform = Transform3D(1, 0, 0, 0, 1, 0, 0, 0, 1, 5.5, 4.5, 3)
size = Vector3(9, 1, 6)
material = ExtResource("3_t6i8b")

[node name="CSGBox3D23" type="CSGBox3D" parent="."]
transform = Transform3D(1, 0, 0, 0, 1, 0, 0, 0, 1, 9.5, 1, 2.5)
size = Vector3(1, 2, 5)
material = ExtResource("3_t6i8b")

[node name="CSGBox3D24" type="CSGBox3D" parent="."]
transform = Transform3D(1, 0, 0, 0, 1, 0, 0, 0, 1, 9.5, 3, 1)
size = Vector3(1, 2, 2)
material = ExtResource("3_t6i8b")

[node name="CSGBox3D25" type="CSGBox3D" parent="."]
transform = Transform3D(1, 0, 0, 0, 1, 0, 0, 0, 1, 9.5, 3, 5)
size = Vector3(1, 2, 2)
material = ExtResource("3_t6i8b")

[node name="CSGBox3D26" type="CSGBox3D" parent="."]
transform = Transform3D(1, 0, 0, 0, 1, 0, 0, 0, 1, 6, 3, 5.5)
size = Vector3(2, 2, 1)
material = ExtResource("3_t6i8b")

[node name="CSGBox3D27" type="CSGBox3D" parent="."]
transform = Transform3D(1, 0, 0, 0, 1, 0, 0, 0, 1, 2, 3, 5.5)
size = Vector3(2, 2, 1)
material = ExtResource("3_t6i8b")

[node name="CSGBox3D17" type="CSGBox3D" parent="."]
transform = Transform3D(1, 0, 0, 0, 1, 0, 0, 0, 1, -9.5, 1.5, -2)
size = Vector3(1, 3, 4)
material = ExtResource("3_t6i8b")

[node name="CSGBox3D31" type="CSGBox3D" parent="."]
transform = Transform3D(1, 0, 0, 0, 1, 0, 0, 0, 1, -8, 3.5, -2)
size = Vector3(4, 1, 4)
material = ExtResource("3_t6i8b")

[node name="CSGBox3D18" type="CSGBox3D" parent="."]
transform = Transform3D(1, 0, 0, 0, 1, 0, 0, 0, 1, -9.5, 1, 4)
size = Vector3(1, 2, 4)
material = ExtResource("3_t6i8b")
