[gd_scene load_steps=2 format=3 uid="uid://b7jxl48k66rtq"]

[ext_resource type="Material" uid="uid://bk1jki3qc31vu" path="res://textures/resources/CSG.tres" id="1_tk6nh"]

[node name="minitile_3x4_1" type="Node3D"]

[node name="CSGBox3D" type="CSGBox3D" parent="."]
transform = Transform3D(1, 0, 0, 0, 1, 0, 0, 0, 1, 0, -25, 0)
size = Vector3(24, 50, 32)
material = ExtResource("1_tk6nh")

[node name="CSGBox3D2" type="CSGBox3D" parent="."]
transform = Transform3D(1, 0, 0, 0, 1, 0, 0, 0, 1, 0, 12.5, 0)
size = Vector3(10, 3, 26)
material = ExtResource("1_tk6nh")

[node name="CSGBox3D8" type="CSGBox3D" parent="."]
transform = Transform3D(1, 0, 0, 0, 1, 0, 0, 0, 1, 0, 11.5, 0)
size = Vector3(4, 9, 4)
material = ExtResource("1_tk6nh")

[node name="CSGBox3D9" type="CSGBox3D" parent="."]
transform = Transform3D(1, 0, 0, 0, 1, 0, 0, 0, 1, 0, 2.5, 0)
size = Vector3(6, 9, 6)
material = ExtResource("1_tk6nh")

[node name="CSGBox3D11" type="CSGBox3D" parent="."]
transform = Transform3D(1, 0, 0, 0, 1, 0, 0, 0, 1, 0, 16.5, 2)
size = Vector3(2, 5, 2)
material = ExtResource("1_tk6nh")

[node name="CSGBox3D24" type="CSGBox3D" parent="."]
transform = Transform3D(1, 0, 0, 0, 1, 0, 0, 0, 1, -2, 14.5, -13)
size = Vector3(2, 3, 2)
material = ExtResource("1_tk6nh")

[node name="CSGBox3D25" type="CSGBox3D" parent="."]
transform = Transform3D(1, 0, 0, 0, 1, 0, 0, 0, 1, 2, 14.5, -13)
size = Vector3(2, 3, 2)
material = ExtResource("1_tk6nh")

[node name="CSGBox3D21" type="CSGBox3D" parent="."]
transform = Transform3D(1, 0, 0, 0, 1, 0, 0, 0, 1, 0, 16.5, -2)
size = Vector3(2, 5, 2)
material = ExtResource("1_tk6nh")

[node name="CSGBox3D26" type="CSGBox3D" parent="."]
transform = Transform3D(1, 0, 0, 0, 1, 0, 0, 0, 1, -2, 14.5, 13)
size = Vector3(2, 3, 2)
material = ExtResource("1_tk6nh")

[node name="CSGBox3D29" type="CSGBox3D" parent="."]
transform = Transform3D(1, 0, 0, 0, 1, 0, 0, 0, 1, -5, 13.5, 9)
size = Vector3(2, 3, 2)
material = ExtResource("1_tk6nh")

[node name="CSGBox3D30" type="CSGBox3D" parent="."]
transform = Transform3D(1, 0, 0, 0, 1, 0, 0, 0, 1, 5, 13.5, 9)
size = Vector3(2, 3, 2)
material = ExtResource("1_tk6nh")

[node name="CSGBox3D34" type="CSGBox3D" parent="."]
transform = Transform3D(1, 0, 0, 0, 1, 0, 0, 0, 1, -5, 13.5, -9)
size = Vector3(2, 3, 2)
material = ExtResource("1_tk6nh")

[node name="CSGBox3D35" type="CSGBox3D" parent="."]
transform = Transform3D(1, 0, 0, 0, 1, 0, 0, 0, 1, 5, 13.5, -9)
size = Vector3(2, 3, 2)
material = ExtResource("1_tk6nh")

[node name="CSGBox3D27" type="CSGBox3D" parent="."]
transform = Transform3D(1, 0, 0, 0, 1, 0, 0, 0, 1, 2, 14.5, 13)
size = Vector3(2, 3, 2)
material = ExtResource("1_tk6nh")

[node name="CSGBox3D28" type="CSGBox3D" parent="."]
transform = Transform3D(1, 0, 0, 0, 1, 0, 0, 0, 1, 5, 13.5, 2)
size = Vector3(2, 3, 2)
material = ExtResource("1_tk6nh")

[node name="CSGBox3D31" type="CSGBox3D" parent="."]
transform = Transform3D(1, 0, 0, 0, 1, 0, 0, 0, 1, 5, 13.5, -2)
size = Vector3(2, 3, 2)
material = ExtResource("1_tk6nh")

[node name="CSGBox3D32" type="CSGBox3D" parent="."]
transform = Transform3D(1, 0, 0, 0, 1, 0, 0, 0, 1, -5, 13.5, 2)
size = Vector3(2, 3, 2)
material = ExtResource("1_tk6nh")

[node name="CSGBox3D33" type="CSGBox3D" parent="."]
transform = Transform3D(1, 0, 0, 0, 1, 0, 0, 0, 1, -5, 13.5, -2)
size = Vector3(2, 3, 2)
material = ExtResource("1_tk6nh")
