[gd_scene load_steps=2 format=3 uid="uid://c6t71sho8nktu"]

[ext_resource type="Material" uid="uid://bk1jki3qc31vu" path="res://textures/resources/CSG.tres" id="1_1effb"]

[node name="minitile_2x5_1" type="Node3D"]

[node name="CSGBox3D" type="CSGBox3D" parent="."]
transform = Transform3D(1, 0, 0, 0, 1, 0, 0, 0, 1, 0, -25, 0)
material_override = ExtResource("1_1effb")
size = Vector3(16, 50, 40)

[node name="CSGBox3D2" type="CSGBox3D" parent="."]
transform = Transform3D(1, 0, 0, 0, 1, 0, 0, 0, 1, 0, 5.5, -1.5)
size = Vector3(6, 3, 33)
material = ExtResource("1_1effb")

[node name="CSGBox3D8" type="CSGBox3D" parent="."]
transform = Transform3D(1, 0, 0, 0, 1, 0, 0, 0, 1, 0, 4.5, -1)
size = Vector3(4, 9, 4)
material = ExtResource("1_1effb")

[node name="CSGBox3D11" type="CSGBox3D" parent="."]
transform = Transform3D(1, 0, 0, 0, 1, 0, 0, 0, 1, 0, 8.5, 1)
size = Vector3(2, 3, 2)
material = ExtResource("1_1effb")

[node name="CSGBox3D16" type="CSGBox3D" parent="."]
transform = Transform3D(1, 0, 0, 0, 1, 0, 0, 0, 1, -3, 7.5, -18)
size = Vector3(2, 3, 2)
material = ExtResource("1_1effb")

[node name="CSGBox3D20" type="CSGBox3D" parent="."]
transform = Transform3D(1, 0, 0, 0, 1, 0, 0, 0, 1, 3, 7.5, -18)
size = Vector3(2, 3, 2)
material = ExtResource("1_1effb")

[node name="CSGBox3D29" type="CSGBox3D" parent="."]
transform = Transform3D(1, 0, 0, 0, 1, 0, 0, 0, 1, -3, 7.5, 15)
size = Vector3(2, 3, 2)
material = ExtResource("1_1effb")

[node name="CSGBox3D30" type="CSGBox3D" parent="."]
transform = Transform3D(1, 0, 0, 0, 1, 0, 0, 0, 1, 3, 7.5, 15)
size = Vector3(2, 3, 2)
material = ExtResource("1_1effb")

[node name="CSGBox3D19" type="CSGBox3D" parent="."]
transform = Transform3D(1, 0, 0, 0, 1, 0, 0, 0, 1, -3, 6.5, -12)
size = Vector3(2, 3, 2)
material = ExtResource("1_1effb")

[node name="CSGBox3D22" type="CSGBox3D" parent="."]
transform = Transform3D(1, 0, 0, 0, 1, 0, 0, 0, 1, 3, 6.5, -12)
size = Vector3(2, 3, 2)
material = ExtResource("1_1effb")

[node name="CSGBox3D23" type="CSGBox3D" parent="."]
transform = Transform3D(1, 0, 0, 0, 1, 0, 0, 0, 1, -3, 6.5, -7)
size = Vector3(2, 3, 2)
material = ExtResource("1_1effb")

[node name="CSGBox3D24" type="CSGBox3D" parent="."]
transform = Transform3D(1, 0, 0, 0, 1, 0, 0, 0, 1, 3, 6.5, -7)
size = Vector3(2, 3, 2)
material = ExtResource("1_1effb")

[node name="CSGBox3D21" type="CSGBox3D" parent="."]
transform = Transform3D(1, 0, 0, 0, 1, 0, 0, 0, 1, 0, 8.5, -3)
size = Vector3(2, 3, 2)
material = ExtResource("1_1effb")

[node name="CSGBox3D25" type="CSGBox3D" parent="."]
transform = Transform3D(1, 0, 0, 0, 1, 0, 0, 0, 1, -3, 6.5, 5)
size = Vector3(2, 3, 2)
material = ExtResource("1_1effb")

[node name="CSGBox3D26" type="CSGBox3D" parent="."]
transform = Transform3D(1, 0, 0, 0, 1, 0, 0, 0, 1, 3, 6.5, 5)
size = Vector3(2, 3, 2)
material = ExtResource("1_1effb")

[node name="CSGBox3D27" type="CSGBox3D" parent="."]
transform = Transform3D(1, 0, 0, 0, 1, 0, 0, 0, 1, -3, 6.5, 10)
size = Vector3(2, 3, 2)
material = ExtResource("1_1effb")

[node name="CSGBox3D28" type="CSGBox3D" parent="."]
transform = Transform3D(1, 0, 0, 0, 1, 0, 0, 0, 1, 3, 6.5, 10)
size = Vector3(2, 3, 2)
material = ExtResource("1_1effb")
