[gd_scene load_steps=2 format=3 uid="uid://bni34tu0bgl4e"]

[ext_resource type="Material" uid="uid://bk1jki3qc31vu" path="res://textures/resources/CSG.tres" id="1_256j3"]

[node name="minitile_1x3_1" type="Node3D"]

[node name="CSGBox3D" type="CSGBox3D" parent="."]
transform = Transform3D(1, 0, 0, 0, 1, 0, 0, 0, 1, 0, -25, 0)
size = Vector3(8, 50, 24)
material = ExtResource("1_256j3")

[node name="CSGBox3D2" type="CSGBox3D" parent="."]
transform = Transform3D(1, 0, 0, 0, 1, 0, 0, 0, 1, 0, 5, 0)
size = Vector3(4, 4, 12)
material = ExtResource("1_256j3")

[node name="CSGBox3D4" type="CSGBox3D" parent="."]
transform = Transform3D(1, 0, 0, 0, 1, 0, 0, 0, 1, -2, 7.5, -2)
size = Vector3(2, 3, 2)
material = ExtResource("1_256j3")

[node name="CSGBox3D5" type="CSGBox3D" parent="."]
transform = Transform3D(1, 0, 0, 0, 1, 0, 0, 0, 1, 2, 7.5, -2)
size = Vector3(2, 3, 2)
material = ExtResource("1_256j3")

[node name="CSGBox3D7" type="CSGBox3D" parent="."]
transform = Transform3D(1, 0, 0, 0, 1, 0, 0, 0, 1, 2, 7.5, 2)
size = Vector3(2, 3, 2)
material = ExtResource("1_256j3")

[node name="CSGBox3D9" type="CSGBox3D" parent="."]
transform = Transform3D(1, 0, 0, 0, 1, 0, 0, 0, 1, -2, 7.5, 2)
size = Vector3(2, 3, 2)
material = ExtResource("1_256j3")

[node name="CSGBox3D11" type="CSGBox3D" parent="."]
transform = Transform3D(1, 0, 0, 0, 1, 0, 0, 0, 1, 0, 1.5, 0)
size = Vector3(4, 3, 2)
material = ExtResource("1_256j3")

[node name="CSGBox3D8" type="CSGBox3D" parent="."]
transform = Transform3D(1, 0, 0, 0, 1, 0, 0, 0, 1, -2, 7, 6)
size = Vector3(2, 2, 2)
material = ExtResource("1_256j3")

[node name="CSGBox3D12" type="CSGBox3D" parent="."]
transform = Transform3D(1, 0, 0, 0, 1, 0, 0, 0, 1, 2, 7, -6)
size = Vector3(2, 2, 2)
material = ExtResource("1_256j3")

[node name="CSGBox3D3" type="CSGBox3D" parent="."]
transform = Transform3D(1, 0, 0, 0, 1, 0, 0, 0, 1, -2.5, 0.5, 5)
size = Vector3(3, 1, 2)
material = ExtResource("1_256j3")

[node name="CSGBox3D6" type="CSGBox3D" parent="."]
transform = Transform3D(1, 0, 0, 0, 1, 0, 0, 0, 1, -1.5, 0.5, 2.5)
size = Vector3(1, 1, 3)
material = ExtResource("1_256j3")

[node name="CSGBox3D13" type="CSGBox3D" parent="."]
transform = Transform3D(1, 0, 0, 0, 1, 0, 0, 0, 1, 1.5, 0.5, -2.5)
size = Vector3(1, 1, 3)
material = ExtResource("1_256j3")
