[gd_scene load_steps=2 format=3 uid="uid://cpsud8odo4oet"]

[ext_resource type="Material" uid="uid://bk1jki3qc31vu" path="res://textures/resources/CSG.tres" id="1_1jveb"]

[node name="minitile_2x4_1" type="Node3D"]

[node name="CSGBox3D" type="CSGBox3D" parent="."]
transform = Transform3D(1, 0, 0, 0, 1, 0, 0, 0, 1, 0, -25, 0)
material_override = ExtResource("1_1jveb")
size = Vector3(16, 50, 32)

[node name="CSGBox3D14" type="CSGBox3D" parent="."]
transform = Transform3D(1, 0, 0, 0, 1, 0, 0, 0, 1, -0.5, 13, -6.5)
material_override = ExtResource("1_1jveb")
size = Vector3(1, 10, 1)

[node name="CSGBox3D56" type="CSGBox3D" parent="."]
transform = Transform3D(1, 0, 0, 0, 1, 0, 0, 0, 1, 0.5, 6.5, -7.5)
material_override = ExtResource("1_1jveb")
size = Vector3(1, 13, 1)

[node name="CSGBox3D44" type="CSGBox3D" parent="."]
transform = Transform3D(1, 0, 0, 0, 1, 0, 0, 0, 1, 0.5, 11.5, -2.5)
material_override = ExtResource("1_1jveb")
size = Vector3(1, 7, 1)

[node name="CSGBox3D15" type="CSGBox3D" parent="."]
transform = Transform3D(1, 0, 0, 0, 1, 0, 0, 0, 1, -5.5, 6, -13.5)
material_override = ExtResource("1_1jveb")
size = Vector3(1, 6, 1)

[node name="CSGBox3D43" type="CSGBox3D" parent="."]
transform = Transform3D(1, 0, 0, 0, 1, 0, 0, 0, 1, -4.5, 2.5, -12.5)
material_override = ExtResource("1_1jveb")
size = Vector3(1, 5, 1)

[node name="CSGBox3D16" type="CSGBox3D" parent="."]
transform = Transform3D(1, 0, 0, 0, 1, 0, 0, 0, 1, 3.5, 2.5, -14.5)
material_override = ExtResource("1_1jveb")
size = Vector3(1, 5, 1)

[node name="CSGBox3D39" type="CSGBox3D" parent="."]
transform = Transform3D(1, 0, 0, 0, 1, 0, 0, 0, 1, 2.5, 5.5, -13.5)
material_override = ExtResource("1_1jveb")
size = Vector3(1, 7, 1)

[node name="CSGBox3D17" type="CSGBox3D" parent="."]
transform = Transform3D(1, 0, 0, 0, 1, 0, 0, 0, 1, 6.5, 3, -11.5)
material_override = ExtResource("1_1jveb")
size = Vector3(1, 6, 1)

[node name="CSGBox3D38" type="CSGBox3D" parent="."]
transform = Transform3D(1, 0, 0, 0, 1, 0, 0, 0, 1, 5.5, 7, -12.5)
material_override = ExtResource("1_1jveb")
size = Vector3(1, 6, 1)

[node name="CSGBox3D18" type="CSGBox3D" parent="."]
transform = Transform3D(1, 0, 0, 0, 1, 0, 0, 0, 1, -2.5, 4, -10.5)
material_override = ExtResource("1_1jveb")
size = Vector3(1, 8, 1)

[node name="CSGBox3D41" type="CSGBox3D" parent="."]
transform = Transform3D(0.999952, 0, 0.00975624, 0, 1, 0, -0.00975624, 0, 0.999952, -1.5, 8.5, -9.5)
material_override = ExtResource("1_1jveb")
size = Vector3(1, 7, 1)

[node name="CSGBox3D42" type="CSGBox3D" parent="."]
transform = Transform3D(0.999952, 0, 0.00975624, 0, 1, 0, -0.00975624, 0, 0.999952, -3.5, 7, -5.5)
material_override = ExtResource("1_1jveb")
size = Vector3(1, 6, 1)

[node name="CSGBox3D19" type="CSGBox3D" parent="."]
transform = Transform3D(1, 0, 0, 0, 1, 0, 0, 0, 1, 4.5, 3, -7.5)
material_override = ExtResource("1_1jveb")
size = Vector3(1, 6, 1)

[node name="CSGBox3D37" type="CSGBox3D" parent="."]
transform = Transform3D(1, 0, 0, 0, 1, 0, 0, 0, 1, 3.5, 7.5, -8.5)
material_override = ExtResource("1_1jveb")
size = Vector3(1, 9, 1)

[node name="CSGBox3D20" type="CSGBox3D" parent="."]
transform = Transform3D(1, 0, 0, 0, 1, 0, 0, 0, 1, -5.5, 2.5, -2.5)
material_override = ExtResource("1_1jveb")
size = Vector3(1, 5, 1)

[node name="CSGBox3D49" type="CSGBox3D" parent="."]
transform = Transform3D(1, 0, 0, 0, 1, 0, 0, 0, 1, -4.5, 6.5, -1.5)
material_override = ExtResource("1_1jveb")
size = Vector3(1, 7, 1)

[node name="CSGBox3D22" type="CSGBox3D" parent="."]
transform = Transform3D(1, 0, 0, 0, 1, 0, 0, 0, 1, 6.5, 9, 2.5)
material_override = ExtResource("1_1jveb")
size = Vector3(1, 8, 1)

[node name="CSGBox3D47" type="CSGBox3D" parent="."]
transform = Transform3D(1, 0, 0, 0, 1, 0, 0, 0, 1, 5.5, 3.5, 3.5)
material_override = ExtResource("1_1jveb")
size = Vector3(1, 7, 1)

[node name="CSGBox3D35" type="CSGBox3D" parent="."]
transform = Transform3D(1, 0, 0, 0, 1, 0, 0, 0, 1, 5.5, 7.5, -3.5)
material_override = ExtResource("1_1jveb")
size = Vector3(1, 9, 1)

[node name="CSGBox3D36" type="CSGBox3D" parent="."]
transform = Transform3D(1, 0, 0, 0, 1, 0, 0, 0, 1, 6.5, 3.5, -2.5)
material_override = ExtResource("1_1jveb")
size = Vector3(1, 7, 1)

[node name="CSGBox3D23" type="CSGBox3D" parent="."]
transform = Transform3D(1, 0, 0, 0, 1, 0, 0, 0, 1, 2.5, 10, 4.5)
material_override = ExtResource("1_1jveb")
size = Vector3(1, 4, 1)

[node name="CSGBox3D46" type="CSGBox3D" parent="."]
transform = Transform3D(1, 0, 0, 0, 1, 0, 0, 0, 1, 1.5, 5, 5.5)
material_override = ExtResource("1_1jveb")
size = Vector3(1, 10, 1)

[node name="CSGBox3D55" type="CSGBox3D" parent="."]
transform = Transform3D(1, 0, 0, 0, 1, 0, 0, 0, 1, -1.5, 9, 5.5)
material_override = ExtResource("1_1jveb")
size = Vector3(1, 8, 1)

[node name="CSGBox3D24" type="CSGBox3D" parent="."]
transform = Transform3D(1, 0, 0, 0, 1, 0, 0, 0, 1, -3.5, 10.5, 1.5)
material_override = ExtResource("1_1jveb")
size = Vector3(1, 9, 1)

[node name="CSGBox3D48" type="CSGBox3D" parent="."]
transform = Transform3D(1, 0, 0, 0, 1, 0, 0, 0, 1, -4.5, 5.5, 2.5)
material_override = ExtResource("1_1jveb")
size = Vector3(1, 11, 1)

[node name="CSGBox3D25" type="CSGBox3D" parent="."]
transform = Transform3D(1, 0, 0, 0, 1, 0, 0, 0, 1, -5.5, 8, 7.5)
material_override = ExtResource("1_1jveb")
size = Vector3(1, 10, 1)

[node name="CSGBox3D50" type="CSGBox3D" parent="."]
transform = Transform3D(1, 0, 0, 0, 1, 0, 0, 0, 1, -6.5, 3, 6.5)
material_override = ExtResource("1_1jveb")
size = Vector3(1, 6, 1)

[node name="CSGBox3D26" type="CSGBox3D" parent="."]
transform = Transform3D(1, 0, 0, 0, 1, 0, 0, 0, 1, 5.5, 3, 8.5)
material_override = ExtResource("1_1jveb")
size = Vector3(1, 6, 1)

[node name="CSGBox3D54" type="CSGBox3D" parent="."]
transform = Transform3D(1, 0, 0, 0, 1, 0, 0, 0, 1, 4.5, 6.5, 7.5)
material_override = ExtResource("1_1jveb")
size = Vector3(1, 5, 1)

[node name="CSGBox3D27" type="CSGBox3D" parent="."]
transform = Transform3D(1, 0, 0, 0, 1, 0, 0, 0, 1, -2.5, 5.5, 13.5)
material_override = ExtResource("1_1jveb")
size = Vector3(1, 5, 1)

[node name="CSGBox3D57" type="CSGBox3D" parent="."]
transform = Transform3D(1, 0, 0, 0, 1, 0, 0, 0, 1, -6.5, 6.5, 13.5)
material_override = ExtResource("1_1jveb")
size = Vector3(1, 7, 1)

[node name="CSGBox3D51" type="CSGBox3D" parent="."]
transform = Transform3D(1, 0, 0, 0, 1, 0, 0, 0, 1, -1.5, 3, 12.5)
material_override = ExtResource("1_1jveb")
size = Vector3(1, 6, 1)

[node name="CSGBox3D28" type="CSGBox3D" parent="."]
transform = Transform3D(1, 0, 0, 0, 1, 0, 0, 0, 1, 5.5, 7, 13.5)
material_override = ExtResource("1_1jveb")
size = Vector3(1, 6, 1)

[node name="CSGBox3D52" type="CSGBox3D" parent="."]
transform = Transform3D(1, 0, 0, 0, 1, 0, 0, 0, 1, 4.5, 3, 14.5)
material_override = ExtResource("1_1jveb")
size = Vector3(1, 6, 1)

[node name="CSGBox3D21" type="CSGBox3D" parent="."]
transform = Transform3D(1, 0, 0, 0, 1, 0, 0, 0, 1, 2, 6.5, -4)
material_override = ExtResource("1_1jveb")
size = Vector3(2, 13, 2)

[node name="CSGBox3D29" type="CSGBox3D" parent="."]
transform = Transform3D(1, 0, 0, 0, 1, 0, 0, 0, 1, -3, 4, 7)
material_override = ExtResource("1_1jveb")
size = Vector3(2, 8, 2)

[node name="CSGBox3D30" type="CSGBox3D" parent="."]
transform = Transform3D(1, 0, 0, 0, 1, 0, 0, 0, 1, 3, 2.5, 11)
material_override = ExtResource("1_1jveb")
size = Vector3(2, 5, 2)

[node name="CSGBox3D53" type="CSGBox3D" parent="."]
transform = Transform3D(1, 0, 0, 0, 1, 0, 0, 0, 1, 1, 5, 9)
material_override = ExtResource("1_1jveb")
size = Vector3(2, 4, 2)

[node name="CSGBox3D31" type="CSGBox3D" parent="."]
transform = Transform3D(1, 0, 0, 0, 1, 0, 0, 0, 1, -5, 2.5, 12)
material_override = ExtResource("1_1jveb")
size = Vector3(2, 5, 2)

[node name="CSGBox3D32" type="CSGBox3D" parent="."]
transform = Transform3D(1, 0, 0, 0, 1, 0, 0, 0, 1, 2, 9, 0)
material_override = ExtResource("1_1jveb")
size = Vector3(2, 8, 2)

[node name="CSGBox3D45" type="CSGBox3D" parent="."]
transform = Transform3D(1, 0, 0, 0, 1, 0, 0, 0, 1, 0, 4, 2)
material_override = ExtResource("1_1jveb")
size = Vector3(2, 8, 2)

[node name="CSGBox3D33" type="CSGBox3D" parent="."]
transform = Transform3D(1, 0, 0, 0, 1, 0, 0, 0, 1, -5, 3, -7)
material_override = ExtResource("1_1jveb")
size = Vector3(2, 6, 2)

[node name="CSGBox3D34" type="CSGBox3D" parent="."]
transform = Transform3D(1, 0, 0, 0, 1, 0, 0, 0, 1, -1, 2, -14)
material_override = ExtResource("1_1jveb")
size = Vector3(2, 4, 2)

[node name="CSGBox3D40" type="CSGBox3D" parent="."]
transform = Transform3D(1, 0, 0, 0, 1, 0, 0, 0, 1, 0.5, 5, -12.5)
material_override = ExtResource("1_1jveb")
size = Vector3(1, 8, 1)
