[gd_scene load_steps=2 format=3 uid="uid://cwhb83u2q2h1s"]

[ext_resource type="Material" uid="uid://bk1jki3qc31vu" path="res://textures/resources/CSG.tres" id="1_lg3bd"]

[node name="minitile_2x2_1" type="Node3D"]

[node name="CSGBox3D" type="CSGBox3D" parent="."]
transform = Transform3D(1, 0, 0, 0, 1, 0, 0, 0, 1, 0, -25, 0)
material_override = ExtResource("1_lg3bd")
size = Vector3(16, 50, 16)

[node name="CSGBox3D5" type="CSGBox3D" parent="."]
transform = Transform3D(1, 0, 0, 0, 1, 0, 0, 0, 1, 4, 1, -3)
size = Vector3(4, 2, 4)
material = ExtResource("1_lg3bd")

[node name="CSGBox3D6" type="CSGBox3D" parent="."]
transform = Transform3D(1, 0, 0, 0, 1, 0, 0, 0, 1, 4, 1, 3)
size = Vector3(4, 2, 4)
material = ExtResource("1_lg3bd")

[node name="CSGBox3D7" type="CSGBox3D" parent="."]
transform = Transform3D(1, 0, 0, 0, 1, 0, 0, 0, 1, 4, 3, 3)
size = Vector3(2, 2, 2)
material = ExtResource("1_lg3bd")

[node name="CSGBox3D8" type="CSGBox3D" parent="."]
transform = Transform3D(1, 0, 0, 0, 1, 0, 0, 0, 1, 4, 3, -3)
size = Vector3(2, 2, 2)
material = ExtResource("1_lg3bd")

[node name="CSGBox3D9" type="CSGBox3D" parent="."]
transform = Transform3D(1, 0, 0, 0, 1, 0, 0, 0, 1, -2.5, -3.5, 5.5)
size = Vector3(5, 11, 1)
material = ExtResource("1_lg3bd")

[node name="CSGBox3D10" type="CSGBox3D" parent="."]
transform = Transform3D(1, 0, 0, 0, 1, 0, 0, 0, 1, -5.5, -3.5, 0.5)
size = Vector3(1, 11, 11)
material = ExtResource("1_lg3bd")

[node name="CSGBox3D12" type="CSGBox3D" parent="."]
transform = Transform3D(1, 0, 0, 0, 1, 0, 0, 0, 1, -0.5, -3.5, -0.5)
size = Vector3(1, 11, 11)
material = ExtResource("1_lg3bd")

[node name="CSGBox3D13" type="CSGBox3D" parent="."]
transform = Transform3D(1, 0, 0, 0, 1, 0, 0, 0, 1, -3, -3.5, 0)
size = Vector3(4, 11, 2)
material = ExtResource("1_lg3bd")

[node name="CSGBox3D15" type="CSGBox3D" parent="."]
transform = Transform3D(1, 0, 0, 0, 1, 0, 0, 0, 1, -3.5, -3.5, -5.5)
size = Vector3(5, 11, 1)
material = ExtResource("1_lg3bd")
