[gd_scene load_steps=2 format=3 uid="uid://dyx2ptr8kxclq"]

[ext_resource type="Material" uid="uid://bk1jki3qc31vu" path="res://textures/resources/CSG.tres" id="2_hx1hc"]

[node name="minitile_2x3_1" type="Node3D"]

[node name="CSGBox3D" type="CSGBox3D" parent="."]
transform = Transform3D(1, 0, 0, 0, 1, 0, 0, 0, 1, 0, -25, 0)
material_override = ExtResource("2_hx1hc")
size = Vector3(16, 50, 24)

[node name="CSGBox3D14" type="CSGBox3D" parent="."]
transform = Transform3D(1, 0, 0, 0, 1, 0, 0, 0, 1, -3.5, -4.5, -5.5)
size = Vector3(5, 11, 1)
material = ExtResource("2_hx1hc")

[node name="CSGBox3D15" type="CSGBox3D" parent="."]
transform = Transform3D(1, 0, 0, 0, 1, 0, 0, 0, 1, -6.5, -4.5, -7.5)
size = Vector3(1, 11, 5)
material = ExtResource("2_hx1hc")

[node name="CSGBox3D16" type="CSGBox3D" parent="."]
transform = Transform3D(1, 0, 0, 0, 1, 0, 0, 0, 1, -4.5, -4.5, -10.5)
size = Vector3(5, 11, 1)
material = ExtResource("2_hx1hc")

[node name="CSGBox3D17" type="CSGBox3D" parent="."]
transform = Transform3D(1, 0, 0, 0, 1, 0, 0, 0, 1, -1.5, -4.5, -8.5)
size = Vector3(1, 11, 5)
material = ExtResource("2_hx1hc")

[node name="CSGBox3D29" type="CSGBox3D" parent="."]
transform = Transform3D(1, 0, 0, 0, 1, 0, 0, 0, 1, 2, 7, -10)
size = Vector3(2, 4, 2)
material = ExtResource("2_hx1hc")

[node name="CSGBox3D30" type="CSGBox3D" parent="."]
transform = Transform3D(1, 0, 0, 0, 1, 0, 0, 0, 1, 2, 7, -6)
size = Vector3(2, 4, 2)
material = ExtResource("2_hx1hc")

[node name="CSGBox3D27" type="CSGBox3D" parent="."]
transform = Transform3D(1, 0, 0, 0, 1, 0, 0, 0, 1, 6, 2, -10)
size = Vector3(2, 4, 2)
material = ExtResource("2_hx1hc")

[node name="CSGBox3D28" type="CSGBox3D" parent="."]
transform = Transform3D(1, 0, 0, 0, 1, 0, 0, 0, 1, 6, 2, -6)
size = Vector3(2, 4, 2)
material = ExtResource("2_hx1hc")

[node name="CSGBox3D31" type="CSGBox3D" parent="."]
transform = Transform3D(1, 0, 0, 0, 1, 0, 0, 0, 1, 2, 7, -2)
size = Vector3(2, 4, 2)
material = ExtResource("2_hx1hc")

[node name="CSGBox3D38" type="CSGBox3D" parent="."]
transform = Transform3D(1, 0, 0, 0, 1, 0, 0, 0, 1, 2, 4.5, 10)
size = Vector3(2, 9, 2)
material = ExtResource("2_hx1hc")

[node name="CSGBox3D39" type="CSGBox3D" parent="."]
transform = Transform3D(1, 0, 0, 0, 1, 0, 0, 0, 1, 2, 4.5, 6)
size = Vector3(2, 9, 2)
material = ExtResource("2_hx1hc")

[node name="CSGBox3D40" type="CSGBox3D" parent="."]
transform = Transform3D(1, 0, 0, 0, 1, 0, 0, 0, 1, 2, 4.5, 2)
size = Vector3(2, 9, 2)
material = ExtResource("2_hx1hc")

[node name="CSGBox3D32" type="CSGBox3D" parent="."]
transform = Transform3D(1, 0, 0, 0, 1, 0, 0, 0, 1, 6, 2, -2)
size = Vector3(2, 4, 2)
material = ExtResource("2_hx1hc")

[node name="CSGBox3D33" type="CSGBox3D" parent="."]
transform = Transform3D(1, 0, 0, 0, 1, 0, 0, 0, 1, 6, 7, -10)
size = Vector3(2, 4, 2)
material = ExtResource("2_hx1hc")

[node name="CSGBox3D34" type="CSGBox3D" parent="."]
transform = Transform3D(1, 0, 0, 0, 1, 0, 0, 0, 1, 6, 7, -6)
size = Vector3(2, 4, 2)
material = ExtResource("2_hx1hc")

[node name="CSGBox3D35" type="CSGBox3D" parent="."]
transform = Transform3D(1, 0, 0, 0, 1, 0, 0, 0, 1, 6, 7, -2)
size = Vector3(2, 4, 2)
material = ExtResource("2_hx1hc")

[node name="CSGBox3D18" type="CSGBox3D" parent="."]
transform = Transform3D(1, 0, 0, 0, 1, 0, 0, 0, 1, -3.5, -4.5, 2.5)
size = Vector3(5, 11, 1)
material = ExtResource("2_hx1hc")

[node name="CSGBox3D19" type="CSGBox3D" parent="."]
transform = Transform3D(1, 0, 0, 0, 1, 0, 0, 0, 1, -6.5, -4.5, 0.5)
size = Vector3(1, 11, 5)
material = ExtResource("2_hx1hc")

[node name="CSGBox3D20" type="CSGBox3D" parent="."]
transform = Transform3D(1, 0, 0, 0, 1, 0, 0, 0, 1, -4.5, -4.5, -2.5)
size = Vector3(5, 11, 1)
material = ExtResource("2_hx1hc")

[node name="CSGBox3D21" type="CSGBox3D" parent="."]
transform = Transform3D(1, 0, 0, 0, 1, 0, 0, 0, 1, -1.5, -4.5, -0.5)
size = Vector3(1, 11, 5)
material = ExtResource("2_hx1hc")

[node name="CSGBox3D22" type="CSGBox3D" parent="."]
transform = Transform3D(1, 0, 0, 0, 1, 0, 0, 0, 1, -3.5, -4.5, 10.5)
size = Vector3(5, 11, 1)
material = ExtResource("2_hx1hc")

[node name="CSGBox3D23" type="CSGBox3D" parent="."]
transform = Transform3D(1, 0, 0, 0, 1, 0, 0, 0, 1, -6.5, -4.5, 8.5)
size = Vector3(1, 11, 5)
material = ExtResource("2_hx1hc")

[node name="CSGBox3D24" type="CSGBox3D" parent="."]
transform = Transform3D(1, 0, 0, 0, 1, 0, 0, 0, 1, -4.5, -4.5, 5.5)
size = Vector3(5, 11, 1)
material = ExtResource("2_hx1hc")

[node name="CSGBox3D25" type="CSGBox3D" parent="."]
transform = Transform3D(1, 0, 0, 0, 1, 0, 0, 0, 1, -1.5, -4.5, 7.5)
size = Vector3(1, 11, 5)
material = ExtResource("2_hx1hc")
