[gd_scene load_steps=2 format=3 uid="uid://c4qunryh5ox3i"]

[ext_resource type="Material" uid="uid://bk1jki3qc31vu" path="res://textures/resources/CSG.tres" id="1_yl23j"]

[node name="minitile_1x4_0" type="Node3D"]

[node name="CSGBox3D" type="CSGBox3D" parent="."]
transform = Transform3D(1, 0, 0, 0, 1, 0, 0, 0, 1, 0, -25, 0)
size = Vector3(8, 50, 32)
material = ExtResource("1_yl23j")

[node name="CSGBox3D12" type="CSGBox3D" parent="."]
transform = Transform3D(1, 0, 0, 0, 1, 0, 0, 0, 1, -0.5, -4.5, -13.5)
size = Vector3(3, 11, 1)
material = ExtResource("1_yl23j")

[node name="CSGBox3D14" type="CSGBox3D" parent="."]
transform = Transform3D(1, 0, 0, 0, 1, 0, 0, 0, 1, 0.5, -4.5, -6.5)
size = Vector3(3, 11, 1)
material = ExtResource("1_yl23j")

[node name="CSGBox3D13" type="CSGBox3D" parent="."]
transform = Transform3D(1, 0, 0, 0, 1, 0, 0, 0, 1, 1.5, -4.5, -10.5)
size = Vector3(1, 11, 7)
material = ExtResource("1_yl23j")

[node name="CSGBox3D15" type="CSGBox3D" parent="."]
transform = Transform3D(1, 0, 0, 0, 1, 0, 0, 0, 1, -1.5, -4.5, -9.5)
size = Vector3(1, 11, 7)
material = ExtResource("1_yl23j")

[node name="CSGBox3D16" type="CSGBox3D" parent="."]
transform = Transform3D(1, 0, 0, 0, 1, 0, 0, 0, 1, -0.5, -4.5, -3.5)
size = Vector3(3, 11, 1)
material = ExtResource("1_yl23j")

[node name="CSGBox3D17" type="CSGBox3D" parent="."]
transform = Transform3D(1, 0, 0, 0, 1, 0, 0, 0, 1, 0.5, -4.5, 3.5)
size = Vector3(3, 11, 1)
material = ExtResource("1_yl23j")

[node name="CSGBox3D18" type="CSGBox3D" parent="."]
transform = Transform3D(1, 0, 0, 0, 1, 0, 0, 0, 1, 1.5, -4.5, -0.5)
size = Vector3(1, 11, 7)
material = ExtResource("1_yl23j")

[node name="CSGBox3D19" type="CSGBox3D" parent="."]
transform = Transform3D(1, 0, 0, 0, 1, 0, 0, 0, 1, -1.5, -4.5, 0.5)
size = Vector3(1, 11, 7)
material = ExtResource("1_yl23j")

[node name="CSGBox3D20" type="CSGBox3D" parent="."]
transform = Transform3D(1, 0, 0, 0, 1, 0, 0, 0, 1, -0.5, -4.5, 6.5)
size = Vector3(3, 11, 1)
material = ExtResource("1_yl23j")

[node name="CSGBox3D21" type="CSGBox3D" parent="."]
transform = Transform3D(1, 0, 0, 0, 1, 0, 0, 0, 1, 0.5, -4.5, 13.5)
size = Vector3(3, 11, 1)
material = ExtResource("1_yl23j")

[node name="CSGBox3D22" type="CSGBox3D" parent="."]
transform = Transform3D(1, 0, 0, 0, 1, 0, 0, 0, 1, 1.5, -4.5, 9.5)
size = Vector3(1, 11, 7)
material = ExtResource("1_yl23j")

[node name="CSGBox3D23" type="CSGBox3D" parent="."]
transform = Transform3D(1, 0, 0, 0, 1, 0, 0, 0, 1, -1.5, -4.5, 10.5)
size = Vector3(1, 11, 7)
material = ExtResource("1_yl23j")

[node name="CSGBox3D24" type="CSGBox3D" parent="."]
transform = Transform3D(1, 0, 0, 0, 1, 0, 0, 0, 1, -0.5, 9.5, -13.5)
size = Vector3(3, 11, 1)
material = ExtResource("1_yl23j")

[node name="CSGBox3D25" type="CSGBox3D" parent="."]
transform = Transform3D(1, 0, 0, 0, 1, 0, 0, 0, 1, 0.5, 9.5, -6.5)
size = Vector3(3, 11, 1)
material = ExtResource("1_yl23j")

[node name="CSGBox3D26" type="CSGBox3D" parent="."]
transform = Transform3D(1, 0, 0, 0, 1, 0, 0, 0, 1, 1.5, 9.5, -10.5)
size = Vector3(1, 11, 7)
material = ExtResource("1_yl23j")

[node name="CSGBox3D27" type="CSGBox3D" parent="."]
transform = Transform3D(1, 0, 0, 0, 1, 0, 0, 0, 1, -1.5, 9.5, -9.5)
size = Vector3(1, 11, 7)
material = ExtResource("1_yl23j")

[node name="CSGBox3D28" type="CSGBox3D" parent="."]
transform = Transform3D(1, 0, 0, 0, 1, 0, 0, 0, 1, -0.5, 9.5, -3.5)
size = Vector3(3, 11, 1)
material = ExtResource("1_yl23j")

[node name="CSGBox3D29" type="CSGBox3D" parent="."]
transform = Transform3D(1, 0, 0, 0, 1, 0, 0, 0, 1, 0.5, 9.5, 3.5)
size = Vector3(3, 11, 1)
material = ExtResource("1_yl23j")

[node name="CSGBox3D30" type="CSGBox3D" parent="."]
transform = Transform3D(1, 0, 0, 0, 1, 0, 0, 0, 1, 1.5, 9.5, -0.5)
size = Vector3(1, 11, 7)
material = ExtResource("1_yl23j")

[node name="CSGBox3D31" type="CSGBox3D" parent="."]
transform = Transform3D(1, 0, 0, 0, 1, 0, 0, 0, 1, -1.5, 9.5, 0.5)
size = Vector3(1, 11, 7)
material = ExtResource("1_yl23j")

[node name="CSGBox3D32" type="CSGBox3D" parent="."]
transform = Transform3D(1, 0, 0, 0, 1, 0, 0, 0, 1, -0.5, 9.5, 6.5)
size = Vector3(3, 11, 1)
material = ExtResource("1_yl23j")

[node name="CSGBox3D33" type="CSGBox3D" parent="."]
transform = Transform3D(1, 0, 0, 0, 1, 0, 0, 0, 1, 0.5, 9.5, 13.5)
size = Vector3(3, 11, 1)
material = ExtResource("1_yl23j")

[node name="CSGBox3D34" type="CSGBox3D" parent="."]
transform = Transform3D(1, 0, 0, 0, 1, 0, 0, 0, 1, 1.5, 9.5, 9.5)
size = Vector3(1, 11, 7)
material = ExtResource("1_yl23j")

[node name="CSGBox3D35" type="CSGBox3D" parent="."]
transform = Transform3D(1, 0, 0, 0, 1, 0, 0, 0, 1, -1.5, 9.5, 10.5)
size = Vector3(1, 11, 7)
material = ExtResource("1_yl23j")
