[gd_scene load_steps=2 format=3 uid="uid://pr3bvhhb14c1"]

[ext_resource type="Material" uid="uid://bk1jki3qc31vu" path="res://textures/resources/CSG.tres" id="1_yh41q"]

[node name="minitile_3x3_1" type="Node3D"]

[node name="CSGBox3D" type="CSGBox3D" parent="."]
transform = Transform3D(1, 0, 0, 0, 1, 0, 0, 0, 1, 0, -25, 0)
material_override = ExtResource("1_yh41q")
size = Vector3(24, 50, 24)

[node name="CSGBox3D8" type="CSGBox3D" parent="."]
transform = Transform3D(1, 0, 0, 0, 1, 0, 0, 0, 1, -5, 13, 2)
size = Vector3(14, 10, 4)
material = ExtResource("1_yh41q")

[node name="CSGBox3D9" type="CSGBox3D" parent="."]
transform = Transform3D(1, 0, 0, 0, 1, 0, 0, 0, 1, -5, 4.5, 2)
size = Vector3(14, 1, 4)
material = ExtResource("1_yh41q")

[node name="CSGBox3D10" type="CSGBox3D" parent="."]
transform = Transform3D(1, 0, 0, 0, 1, 0, 0, 0, 1, 5, 13, -2)
size = Vector3(14, 10, 4)
material = ExtResource("1_yh41q")

[node name="CSGBox3D11" type="CSGBox3D" parent="."]
transform = Transform3D(1, 0, 0, 0, 1, 0, 0, 0, 1, 5, 4.5, -2)
size = Vector3(14, 1, 4)
material = ExtResource("1_yh41q")

[node name="CSGBox3D20" type="CSGBox3D" parent="."]
transform = Transform3D(1, 0, 0, 0, 1, 0, 0, 0, 1, -3, 11, -1)
size = Vector3(2, 14, 2)
material = ExtResource("1_yh41q")

[node name="CSGBox3D29" type="CSGBox3D" parent="."]
transform = Transform3D(1, 0, 0, 0, 1, 0, 0, 0, 1, -11, 15, -1)
size = Vector3(2, 14, 2)
material = ExtResource("1_yh41q")

[node name="CSGBox3D26" type="CSGBox3D" parent="."]
transform = Transform3D(1, 0, 0, 0, 1, 0, 0, 0, 1, -3, 15, 5)
size = Vector3(2, 14, 2)
material = ExtResource("1_yh41q")

[node name="CSGBox3D22" type="CSGBox3D" parent="."]
transform = Transform3D(1, 0, 0, 0, 1, 0, 0, 0, 1, 3, 7, -5)
size = Vector3(2, 14, 2)
material = ExtResource("1_yh41q")

[node name="CSGBox3D23" type="CSGBox3D" parent="."]
transform = Transform3D(1, 0, 0, 0, 1, 0, 0, 0, 1, 10, 11, -5)
size = Vector3(4, 14, 2)
material = ExtResource("1_yh41q")

[node name="CSGBox3D24" type="CSGBox3D" parent="."]
transform = Transform3D(1, 0, 0, 0, 1, 0, 0, 0, 1, 10, 15, 1)
size = Vector3(4, 14, 2)
material = ExtResource("1_yh41q")

[node name="CSGBox3D28" type="CSGBox3D" parent="."]
transform = Transform3D(1, 0, 0, 0, 1, 0, 0, 0, 1, -10.5, 7, 5)
size = Vector3(3, 14, 2)
material = ExtResource("1_yh41q")
