[gd_scene load_steps=2 format=3 uid="uid://b273tutu4kkvp"]

[ext_resource type="Material" uid="uid://bk1jki3qc31vu" path="res://textures/resources/CSG.tres" id="1_aoons"]

[node name="minitile_2x4_1" type="Node3D"]

[node name="CSGBox3D" type="CSGBox3D" parent="."]
transform = Transform3D(1, 0, 0, 0, 1, 0, 0, 0, 1, 0, -25, 0)
material_override = ExtResource("1_aoons")
size = Vector3(16, 50, 32)

[node name="CSGBox3D22" type="CSGBox3D" parent="."]
transform = Transform3D(1, 0, 0, 0, 1, 0, 0, 0, 1, -5.5, 1.5, 6)
size = Vector3(1, 3, 8)
material = ExtResource("1_aoons")

[node name="CSGBox3D25" type="CSGBox3D" parent="."]
transform = Transform3D(1, 0, 0, 0, 1, 0, 0, 0, 1, -2, 1.5, 13.5)
size = Vector3(8, 3, 1)
material = ExtResource("1_aoons")

[node name="CSGBox3D23" type="CSGBox3D" parent="."]
transform = Transform3D(1, 0, 0, 0, 1, 0, 0, 0, 1, 2, 1.5, 2.5)
size = Vector3(8, 3, 1)
material = ExtResource("1_aoons")

[node name="CSGBox3D24" type="CSGBox3D" parent="."]
transform = Transform3D(1, 0, 0, 0, 1, 0, 0, 0, 1, 5.5, 1.5, 10)
size = Vector3(1, 3, 8)
material = ExtResource("1_aoons")

[node name="CSGBox3D33" type="CSGBox3D" parent="."]
transform = Transform3D(1, 0, 0, 0, 1, 0, 0, 0, 1, 1.5, 1.5, 8)
size = Vector3(7, 3, 4)
material = ExtResource("1_aoons")

[node name="CSGBox3D26" type="CSGBox3D" parent="."]
transform = Transform3D(1, 0, 0, 0, 1, 0, 0, 0, 1, 0, 4.5, -8)
size = Vector3(12, 3, 12)
material = ExtResource("1_aoons")

[node name="CSGBox3D34" type="CSGBox3D" parent="."]
transform = Transform3D(1, 0, 0, 0, 1, 0, 0, 0, 1, 0, 4.5, 8)
size = Vector3(12, 3, 12)
material = ExtResource("1_aoons")

[node name="CSGBox3D27" type="CSGBox3D" parent="."]
transform = Transform3D(1, 0, 0, 0, 1, 0, 0, 0, 1, -5.5, 1.5, -11)
size = Vector3(1, 3, 6)
material = ExtResource("1_aoons")

[node name="CSGBox3D32" type="CSGBox3D" parent="."]
transform = Transform3D(1, 0, 0, 0, 1, 0, 0, 0, 1, -1, 1.5, -8.5)
size = Vector3(2, 3, 7)
material = ExtResource("1_aoons")

[node name="CSGBox3D28" type="CSGBox3D" parent="."]
transform = Transform3D(1, 0, 0, 0, 1, 0, 0, 0, 1, 0, 1.5, -3.5)
size = Vector3(12, 3, 3)
material = ExtResource("1_aoons")

[node name="CSGBox3D29" type="CSGBox3D" parent="."]
transform = Transform3D(1, 0, 0, 0, 1, 0, 0, 0, 1, 4, 1.5, -12.5)
size = Vector3(4, 3, 3)
material = ExtResource("1_aoons")

[node name="CSGBox3D31" type="CSGBox3D" parent="."]
transform = Transform3D(1, 0, 0, 0, 1, 0, 0, 0, 1, 4, 1.5, -8)
size = Vector3(2, 3, 2)
material = ExtResource("1_aoons")
