[gd_scene load_steps=2 format=3 uid="uid://bvejle1wgup56"]

[ext_resource type="Material" uid="uid://bk1jki3qc31vu" path="res://textures/resources/CSG.tres" id="1_r4xds"]

[node name="minitile_1x1_1" type="Node3D"]

[node name="CSGBox3D" type="CSGBox3D" parent="."]
transform = Transform3D(1, 0, 0, 0, 1, 0, 0, 0, 1, 0, -25, 0)
size = Vector3(8, 50, 8)
material = ExtResource("1_r4xds")

[node name="CSGBox3D21" type="CSGBox3D" parent="."]
transform = Transform3D(1, 0, 0, 0, 1, 0, 0, 0, 1, -3.5, 0.5, 0)
size = Vector3(1, 1, 8)
material = ExtResource("1_r4xds")

[node name="CSGBox3D22" type="CSGBox3D" parent="."]
transform = Transform3D(1, 0, 0, 0, 1, 0, 0, 0, 1, 3.5, 0.5, 0)
size = Vector3(1, 1, 8)
material = ExtResource("1_r4xds")

[node name="CSGBox3D23" type="CSGBox3D" parent="."]
transform = Transform3D(1, 0, 0, 0, 1, 0, 0, 0, 1, -2, 0.5, 3.5)
size = Vector3(2, 1, 1)
material = ExtResource("1_r4xds")

[node name="CSGBox3D24" type="CSGBox3D" parent="."]
transform = Transform3D(1, 0, 0, 0, 1, 0, 0, 0, 1, 2, 0.5, 3.5)
size = Vector3(2, 1, 1)
material = ExtResource("1_r4xds")

[node name="CSGBox3D25" type="CSGBox3D" parent="."]
transform = Transform3D(1, 0, 0, 0, 1, 0, 0, 0, 1, -2, 0.5, -3.5)
size = Vector3(2, 1, 1)
material = ExtResource("1_r4xds")

[node name="CSGBox3D27" type="CSGBox3D" parent="."]
transform = Transform3D(1, 0, 0, 0, 1, 0, 0, 0, 1, 0, 2, 0)
size = Vector3(2, 4, 2)
material = ExtResource("1_r4xds")

[node name="CSGBox3D26" type="CSGBox3D" parent="."]
transform = Transform3D(1, 0, 0, 0, 1, 0, 0, 0, 1, 2, 0.5, -3.5)
size = Vector3(2, 1, 1)
material = ExtResource("1_r4xds")

[node name="CSGBox3D35" type="CSGBox3D" parent="."]
transform = Transform3D(1, 0, 0, 0, 1, 0, 0, 0, 1, -3.5, 18.5, 0)
size = Vector3(1, 1, 8)
material = ExtResource("1_r4xds")

[node name="CSGBox3D36" type="CSGBox3D" parent="."]
transform = Transform3D(1, 0, 0, 0, 1, 0, 0, 0, 1, 3.5, 18.5, 0)
size = Vector3(1, 1, 8)
material = ExtResource("1_r4xds")

[node name="CSGBox3D37" type="CSGBox3D" parent="."]
transform = Transform3D(1, 0, 0, 0, 1, 0, 0, 0, 1, -2, 18.5, 3.5)
size = Vector3(2, 1, 1)
material = ExtResource("1_r4xds")

[node name="CSGBox3D38" type="CSGBox3D" parent="."]
transform = Transform3D(1, 0, 0, 0, 1, 0, 0, 0, 1, 2, 18.5, 3.5)
size = Vector3(2, 1, 1)
material = ExtResource("1_r4xds")

[node name="CSGBox3D39" type="CSGBox3D" parent="."]
transform = Transform3D(1, 0, 0, 0, 1, 0, 0, 0, 1, -2, 18.5, -3.5)
size = Vector3(2, 1, 1)
material = ExtResource("1_r4xds")

[node name="CSGBox3D40" type="CSGBox3D" parent="."]
transform = Transform3D(1, 0, 0, 0, 1, 0, 0, 0, 1, 2, 18.5, -3.5)
size = Vector3(2, 1, 1)
material = ExtResource("1_r4xds")

[node name="CSGBox3D28" type="CSGBox3D" parent="."]
transform = Transform3D(1, 0, 0, 0, 1, 0, 0, 0, 1, -3.5, 3.5, 0)
size = Vector3(1, 1, 8)
material = ExtResource("1_r4xds")

[node name="CSGBox3D29" type="CSGBox3D" parent="."]
transform = Transform3D(1, 0, 0, 0, 1, 0, 0, 0, 1, 3.5, 3.5, 0)
size = Vector3(1, 1, 8)
material = ExtResource("1_r4xds")

[node name="CSGBox3D30" type="CSGBox3D" parent="."]
transform = Transform3D(1, 0, 0, 0, 1, 0, 0, 0, 1, -2, 3.5, 3.5)
size = Vector3(2, 1, 1)
material = ExtResource("1_r4xds")

[node name="CSGBox3D31" type="CSGBox3D" parent="."]
transform = Transform3D(1, 0, 0, 0, 1, 0, 0, 0, 1, 2, 3.5, 3.5)
size = Vector3(2, 1, 1)
material = ExtResource("1_r4xds")

[node name="CSGBox3D32" type="CSGBox3D" parent="."]
transform = Transform3D(1, 0, 0, 0, 1, 0, 0, 0, 1, -2, 3.5, -3.5)
size = Vector3(2, 1, 1)
material = ExtResource("1_r4xds")

[node name="CSGBox3D41" type="CSGBox3D" parent="."]
transform = Transform3D(1, 0, 0, 0, 1, 0, 0, 0, 1, 0, 11, 0)
size = Vector3(8, 14, 8)
material = ExtResource("1_r4xds")

[node name="CSGBox3D34" type="CSGBox3D" parent="."]
transform = Transform3D(1, 0, 0, 0, 1, 0, 0, 0, 1, 2, 3.5, -3.5)
size = Vector3(2, 1, 1)
material = ExtResource("1_r4xds")
