[gd_scene load_steps=2 format=3 uid="uid://xs1wedln35vs"]

[ext_resource type="Material" uid="uid://bk1jki3qc31vu" path="res://textures/resources/CSG.tres" id="1_odl2q"]

[node name="minitile_2x4_1" type="Node3D"]

[node name="CSGBox3D" type="CSGBox3D" parent="."]
transform = Transform3D(1, 0, 0, 0, 1, 0, 0, 0, 1, 0, -25, 0)
material_override = ExtResource("1_odl2q")
size = Vector3(16, 50, 32)

[node name="CSGBox3D4" type="CSGBox3D" parent="."]
transform = Transform3D(1, 0, 0, 0, 1, 0, 0, 0, 1, -3.5, 3.5, -6.5)
size = Vector3(3, 1, 3)
material = ExtResource("1_odl2q")

[node name="CSGBox3D8" type="CSGBox3D" parent="."]
transform = Transform3D(1, 0, 0, 0, 1, 0, 0, 0, 1, -3.5, 11.5, -6.5)
size = Vector3(3, 1, 3)
material = ExtResource("1_odl2q")

[node name="CSGBox3D5" type="CSGBox3D" parent="."]
transform = Transform3D(1, 0, 0, 0, 1, 0, 0, 0, 1, -3.5, 5.5, -9.5)
size = Vector3(3, 1, 3)
material = ExtResource("1_odl2q")

[node name="CSGBox3D9" type="CSGBox3D" parent="."]
transform = Transform3D(1, 0, 0, 0, 1, 0, 0, 0, 1, -3.5, 13.5, -9.5)
size = Vector3(3, 1, 3)
material = ExtResource("1_odl2q")

[node name="CSGBox3D6" type="CSGBox3D" parent="."]
transform = Transform3D(1, 0, 0, 0, 1, 0, 0, 0, 1, -0.5, 7.5, -9.5)
size = Vector3(3, 1, 3)
material = ExtResource("1_odl2q")

[node name="CSGBox3D10" type="CSGBox3D" parent="."]
transform = Transform3D(1, 0, 0, 0, 1, 0, 0, 0, 1, -0.5, 15.5, -9.5)
size = Vector3(3, 1, 3)
material = ExtResource("1_odl2q")

[node name="CSGBox3D7" type="CSGBox3D" parent="."]
transform = Transform3D(1, 0, 0, 0, 1, 0, 0, 0, 1, -0.5, 9.5, -6.5)
size = Vector3(3, 1, 3)
material = ExtResource("1_odl2q")

[node name="CSGBox3D11" type="CSGBox3D" parent="."]
transform = Transform3D(1, 0, 0, 0, 1, 0, 0, 0, 1, -0.5, 1.5, -6.5)
size = Vector3(3, 1, 3)
material = ExtResource("1_odl2q")

[node name="CSGBox3D3" type="CSGBox3D" parent="."]
transform = Transform3D(1, 0, 0, 0, 1, 0, 0, 0, 1, -2, 8.5, -8)
size = Vector3(2, 17, 2)
material = ExtResource("1_odl2q")

[node name="CSGBox3D13" type="CSGBox3D" parent="."]
transform = Transform3D(1, 0, 0, 0, 1, 0, 0, 0, 1, -0.5, 7.5, 12.5)
size = Vector3(3, 1, 3)
material = ExtResource("1_odl2q")

[node name="CSGBox3D14" type="CSGBox3D" parent="."]
transform = Transform3D(1, 0, 0, 0, 1, 0, 0, 0, 1, -0.5, 1.5, 9.5)
size = Vector3(3, 1, 3)
material = ExtResource("1_odl2q")

[node name="CSGBox3D15" type="CSGBox3D" parent="."]
transform = Transform3D(1, 0, 0, 0, 1, 0, 0, 0, 1, -0.5, 9.5, 9.5)
size = Vector3(3, 1, 3)
material = ExtResource("1_odl2q")

[node name="CSGBox3D16" type="CSGBox3D" parent="."]
transform = Transform3D(1, 0, 0, 0, 1, 0, 0, 0, 1, 2.5, 3.5, 9.5)
size = Vector3(3, 1, 3)
material = ExtResource("1_odl2q")

[node name="CSGBox3D17" type="CSGBox3D" parent="."]
transform = Transform3D(1, 0, 0, 0, 1, 0, 0, 0, 1, 2.5, 11.5, 9.5)
size = Vector3(3, 1, 3)
material = ExtResource("1_odl2q")

[node name="CSGBox3D18" type="CSGBox3D" parent="."]
transform = Transform3D(1, 0, 0, 0, 1, 0, 0, 0, 1, 2.5, 5.5, 12.5)
size = Vector3(3, 1, 3)
material = ExtResource("1_odl2q")

[node name="CSGBox3D20" type="CSGBox3D" parent="."]
transform = Transform3D(1, 0, 0, 0, 1, 0, 0, 0, 1, 1, 6.5, 11)
size = Vector3(2, 13, 2)
material = ExtResource("1_odl2q")

[node name="CSGBox3D21" type="CSGBox3D" parent="."]
transform = Transform3D(1, 0, 0, 0, 1, 0, 0, 0, 1, 1.5, 1.5, 0.5)
size = Vector3(3, 1, 3)
material = ExtResource("1_odl2q")

[node name="CSGBox3D23" type="CSGBox3D" parent="."]
transform = Transform3D(1, 0, 0, 0, 1, 0, 0, 0, 1, 4.5, 3.5, 0.5)
size = Vector3(3, 1, 3)
material = ExtResource("1_odl2q")

[node name="CSGBox3D25" type="CSGBox3D" parent="."]
transform = Transform3D(1, 0, 0, 0, 1, 0, 0, 0, 1, 4.5, 5.5, 3.5)
size = Vector3(3, 1, 3)
material = ExtResource("1_odl2q")

[node name="CSGBox3D26" type="CSGBox3D" parent="."]
transform = Transform3D(1, 0, 0, 0, 1, 0, 0, 0, 1, 3, 0.5, 2)
size = Vector3(2, 13, 2)
material = ExtResource("1_odl2q")
