[gd_scene load_steps=2 format=3 uid="uid://ce444r76ijlh3"]

[ext_resource type="Material" uid="uid://bk1jki3qc31vu" path="res://textures/resources/CSG.tres" id="1_ixxva"]

[node name="minitile_3x3_1" type="Node3D"]

[node name="CSGBox3D" type="CSGBox3D" parent="."]
transform = Transform3D(1, 0, 0, 0, 1, 0, 0, 0, 1, 0, -25, 0)
material_override = ExtResource("1_ixxva")
size = Vector3(24, 50, 24)

[node name="CSGBox3D2" type="CSGBox3D" parent="."]
transform = Transform3D(1, 0, 0, 0, 1, 0, 0, 0, 1, 3, 0.5, -3.5)
size = Vector3(2, 1, 1)
material = ExtResource("1_ixxva")

[node name="CSGBox3D15" type="CSGBox3D" parent="."]
transform = Transform3D(1, 0, 0, 0, 1, 0, 0, 0, 1, 2.5, 1.5, -1.5)
size = Vector3(3, 1, 3)
material = ExtResource("1_ixxva")

[node name="CSGBox3D17" type="CSGBox3D" parent="."]
transform = Transform3D(1, 0, 0, 0, 1, 0, 0, 0, 1, -1.5, 3.5, -1.5)
size = Vector3(3, 1, 3)
material = ExtResource("1_ixxva")

[node name="CSGBox3D18" type="CSGBox3D" parent="."]
transform = Transform3D(1, 0, 0, 0, 1, 0, 0, 0, 1, -1.5, 5.5, -5.5)
size = Vector3(3, 1, 3)
material = ExtResource("1_ixxva")

[node name="CSGBox3D22" type="CSGBox3D" parent="."]
transform = Transform3D(1, 0, 0, 0, 1, 0, 0, 0, 1, 0.5, 6.5, -5.5)
size = Vector3(1, 1, 3)
material = ExtResource("1_ixxva")

[node name="CSGBox3D21" type="CSGBox3D" parent="."]
transform = Transform3D(1, 0, 0, 0, 1, 0, 0, 0, 1, 2.5, 7.5, -5.5)
size = Vector3(3, 1, 3)
material = ExtResource("1_ixxva")

[node name="CSGBox3D19" type="CSGBox3D" parent="."]
transform = Transform3D(0.999967, 0, 0.00811569, 0, 1, 0, -0.00811569, 0, 0.999967, -1.5, 4.5, -3.5)
size = Vector3(3, 1, 1)
material = ExtResource("1_ixxva")

[node name="CSGBox3D26" type="CSGBox3D" parent="."]
transform = Transform3D(1, 0, 0, 0, 1, 0, 0, 0, 1, -1.5, 13.5, -5.5)
size = Vector3(3, 1, 3)
material = ExtResource("1_ixxva")

[node name="CSGBox3D27" type="CSGBox3D" parent="."]
transform = Transform3D(0.999967, 0, 0.00811569, 0, 1, 0, -0.00811569, 0, 0.999967, -1.5, 12.5, -3.5)
size = Vector3(3, 1, 1)
material = ExtResource("1_ixxva")

[node name="CSGBox3D16" type="CSGBox3D" parent="."]
transform = Transform3D(1, 0, 0, 0, 1, 0, 0, 0, 1, 0.5, 2.5, -1)
size = Vector3(1, 1, 2)
material = ExtResource("1_ixxva")

[node name="CSGBox3D3" type="CSGBox3D" parent="."]
transform = Transform3D(1, 0, 0, 0, 1, 0, 0, 0, 1, 3, 8.5, -3.5)
size = Vector3(2, 1, 1)
material = ExtResource("1_ixxva")

[node name="CSGBox3D23" type="CSGBox3D" parent="."]
transform = Transform3D(1, 0, 0, 0, 1, 0, 0, 0, 1, 2.5, 9.5, -1.5)
size = Vector3(3, 1, 3)
material = ExtResource("1_ixxva")

[node name="CSGBox3D24" type="CSGBox3D" parent="."]
transform = Transform3D(1, 0, 0, 0, 1, 0, 0, 0, 1, -1.5, 11.5, -1.5)
size = Vector3(3, 1, 3)
material = ExtResource("1_ixxva")

[node name="CSGBox3D25" type="CSGBox3D" parent="."]
transform = Transform3D(1, 0, 0, 0, 1, 0, 0, 0, 1, 0.5, 10.5, -1)
size = Vector3(1, 1, 2)
material = ExtResource("1_ixxva")

[node name="CSGBox3D20" type="CSGBox3D" parent="."]
transform = Transform3D(1, 0, 0, 0, 1, 0, 0, 0, 1, 0.5, 7.5, -3.5)
size = Vector3(3, 15, 3)
material = ExtResource("1_ixxva")
