[gd_scene load_steps=2 format=3 uid="uid://e0rigo6e5gs"]

[ext_resource type="Material" uid="uid://bk1jki3qc31vu" path="res://textures/resources/CSG.tres" id="1_c7poo"]

[node name="minitile_2x3_1" type="Node3D"]

[node name="CSGBox3D" type="CSGBox3D" parent="."]
transform = Transform3D(1, 0, 0, 0, 1, 0, 0, 0, 1, 0, -25, 0)
material_override = ExtResource("1_c7poo")
size = Vector3(16, 50, 24)

[node name="CSGBox3D2" type="CSGBox3D" parent="."]
transform = Transform3D(1, 0, 0, 0, 1, 0, 0, 0, 1, 0, 1, 11)
material_override = ExtResource("1_c7poo")
size = Vector3(16, 2, 2)

[node name="CSGBox3D5" type="CSGBox3D" parent="."]
transform = Transform3D(1, 0, 0, 0, 1, 0, 0, 0, 1, -7, 3, 9)
material_override = ExtResource("1_c7poo")
size = Vector3(2, 6, 2)

[node name="CSGBox3D3" type="CSGBox3D" parent="."]
transform = Transform3D(1, 0, 0, 0, 1, 0, 0, 0, 1, 0, 1, 7)
material_override = ExtResource("1_c7poo")
size = Vector3(16, 2, 2)

[node name="CSGBox3D6" type="CSGBox3D" parent="."]
transform = Transform3D(1, 0, 0, 0, 1, 0, 0, 0, 1, -7, 3, 5)
material_override = ExtResource("1_c7poo")
size = Vector3(2, 6, 2)

[node name="CSGBox3D4" type="CSGBox3D" parent="."]
transform = Transform3D(1, 0, 0, 0, 1, 0, 0, 0, 1, 0, 1, 3)
material_override = ExtResource("1_c7poo")
size = Vector3(16, 2, 2)

[node name="CSGBox3D7" type="CSGBox3D" parent="."]
transform = Transform3D(1, 0, 0, 0, 1, 0, 0, 0, 1, -7, 3, 1)
material_override = ExtResource("1_c7poo")
size = Vector3(2, 6, 2)

[node name="CSGBox3D8" type="CSGBox3D" parent="."]
transform = Transform3D(1, 0, 0, 0, 1, 0, 0, 0, 1, 0, 1, -1)
material_override = ExtResource("1_c7poo")
size = Vector3(16, 2, 2)

[node name="CSGBox3D9" type="CSGBox3D" parent="."]
transform = Transform3D(1, 0, 0, 0, 1, 0, 0, 0, 1, -7, 3, -3)
material_override = ExtResource("1_c7poo")
size = Vector3(2, 6, 2)

[node name="CSGBox3D10" type="CSGBox3D" parent="."]
transform = Transform3D(1, 0, 0, 0, 1, 0, 0, 0, 1, 0, 1, -5)
material_override = ExtResource("1_c7poo")
size = Vector3(16, 2, 2)

[node name="CSGBox3D11" type="CSGBox3D" parent="."]
transform = Transform3D(1, 0, 0, 0, 1, 0, 0, 0, 1, -7, 3, -7)
material_override = ExtResource("1_c7poo")
size = Vector3(2, 6, 2)

[node name="CSGBox3D12" type="CSGBox3D" parent="."]
transform = Transform3D(1, 0, 0, 0, 1, 0, 0, 0, 1, 0, 1, -9)
material_override = ExtResource("1_c7poo")
size = Vector3(16, 2, 2)

[node name="CSGBox3D13" type="CSGBox3D" parent="."]
transform = Transform3D(1, 0, 0, 0, 1, 0, 0, 0, 1, -7, 3, -11)
material_override = ExtResource("1_c7poo")
size = Vector3(2, 6, 2)

[node name="CSGBox3D22" type="CSGBox3D" parent="."]
transform = Transform3D(1, 0, 0, 0, 1, 0, 0, 0, 1, 2.5, 0.5, -5)
material_override = ExtResource("1_c7poo")
size = Vector3(7, 1, 8)

[node name="CSGBox3D23" type="CSGBox3D" parent="."]
transform = Transform3D(1, 0, 0, 0, 1, 0, 0, 0, 1, 1.5, 1.5, 7)
material_override = ExtResource("1_c7poo")
size = Vector3(9, 3, 8)
