[gd_scene load_steps=2 format=3 uid="uid://dmefk4g43b4xx"]

[ext_resource type="Material" uid="uid://bk1jki3qc31vu" path="res://textures/resources/CSG.tres" id="1_0xudb"]

[node name="minitile_1x5_1" type="Node3D"]

[node name="CSGBox3D" type="CSGBox3D" parent="."]
transform = Transform3D(1, 0, 0, 0, 1, 0, 0, 0, 1, 0, -25, 0)
size = Vector3(8, 50, 40)
material = ExtResource("1_0xudb")

[node name="CSGBox3D2" type="CSGBox3D" parent="."]
transform = Transform3D(1, 0, 0, 0, 1, 0, 0, 0, 1, 0, 1, 19)
material_override = ExtResource("1_0xudb")
size = Vector3(8, 2, 2)

[node name="CSGBox3D5" type="CSGBox3D" parent="."]
transform = Transform3D(1, 0, 0, 0, 1, 0, 0, 0, 1, -3, 2, 17)
material_override = ExtResource("1_0xudb")
size = Vector3(2, 4, 2)

[node name="CSGBox3D3" type="CSGBox3D" parent="."]
transform = Transform3D(1, 0, 0, 0, 1, 0, 0, 0, 1, 0, 1, 15)
material_override = ExtResource("1_0xudb")
size = Vector3(8, 2, 2)

[node name="CSGBox3D6" type="CSGBox3D" parent="."]
transform = Transform3D(1, 0, 0, 0, 1, 0, 0, 0, 1, -3, 2, 13)
material_override = ExtResource("1_0xudb")
size = Vector3(2, 4, 2)

[node name="CSGBox3D4" type="CSGBox3D" parent="."]
transform = Transform3D(1, 0, 0, 0, 1, 0, 0, 0, 1, 0, 1, 11)
material_override = ExtResource("1_0xudb")
size = Vector3(8, 2, 2)

[node name="CSGBox3D7" type="CSGBox3D" parent="."]
transform = Transform3D(1, 0, 0, 0, 1, 0, 0, 0, 1, -3, 2, 9)
material_override = ExtResource("1_0xudb")
size = Vector3(2, 4, 2)

[node name="CSGBox3D8" type="CSGBox3D" parent="."]
transform = Transform3D(1, 0, 0, 0, 1, 0, 0, 0, 1, 0, 1, 7)
material_override = ExtResource("1_0xudb")
size = Vector3(8, 2, 2)

[node name="CSGBox3D9" type="CSGBox3D" parent="."]
transform = Transform3D(1, 0, 0, 0, 1, 0, 0, 0, 1, -3, 2, 5)
material_override = ExtResource("1_0xudb")
size = Vector3(2, 4, 2)

[node name="CSGBox3D10" type="CSGBox3D" parent="."]
transform = Transform3D(1, 0, 0, 0, 1, 0, 0, 0, 1, 0, 1, 3)
material_override = ExtResource("1_0xudb")
size = Vector3(8, 2, 2)

[node name="CSGBox3D11" type="CSGBox3D" parent="."]
transform = Transform3D(1, 0, 0, 0, 1, 0, 0, 0, 1, -3, 2, 1)
material_override = ExtResource("1_0xudb")
size = Vector3(2, 4, 2)

[node name="CSGBox3D12" type="CSGBox3D" parent="."]
transform = Transform3D(1, 0, 0, 0, 1, 0, 0, 0, 1, 0, 1, -1)
material_override = ExtResource("1_0xudb")
size = Vector3(8, 2, 2)

[node name="CSGBox3D13" type="CSGBox3D" parent="."]
transform = Transform3D(1, 0, 0, 0, 1, 0, 0, 0, 1, -3, 2, -3)
material_override = ExtResource("1_0xudb")
size = Vector3(2, 4, 2)

[node name="CSGBox3D14" type="CSGBox3D" parent="."]
transform = Transform3D(1, 0, 0, 0, 1, 0, 0, 0, 1, 0, 1, -5)
material_override = ExtResource("1_0xudb")
size = Vector3(8, 2, 2)

[node name="CSGBox3D15" type="CSGBox3D" parent="."]
transform = Transform3D(1, 0, 0, 0, 1, 0, 0, 0, 1, -3, 2, -7)
material_override = ExtResource("1_0xudb")
size = Vector3(2, 4, 2)

[node name="CSGBox3D16" type="CSGBox3D" parent="."]
transform = Transform3D(1, 0, 0, 0, 1, 0, 0, 0, 1, 0, 1, -9)
material_override = ExtResource("1_0xudb")
size = Vector3(8, 2, 2)

[node name="CSGBox3D17" type="CSGBox3D" parent="."]
transform = Transform3D(1, 0, 0, 0, 1, 0, 0, 0, 1, -3, 2, -11)
material_override = ExtResource("1_0xudb")
size = Vector3(2, 4, 2)

[node name="CSGBox3D18" type="CSGBox3D" parent="."]
transform = Transform3D(1, 0, 0, 0, 1, 0, 0, 0, 1, 0, 1, -13)
material_override = ExtResource("1_0xudb")
size = Vector3(8, 2, 2)

[node name="CSGBox3D19" type="CSGBox3D" parent="."]
transform = Transform3D(1, 0, 0, 0, 1, 0, 0, 0, 1, -3, 2, -15)
material_override = ExtResource("1_0xudb")
size = Vector3(2, 4, 2)

[node name="CSGBox3D20" type="CSGBox3D" parent="."]
transform = Transform3D(1, 0, 0, 0, 1, 0, 0, 0, 1, 0, 1, -17)
material_override = ExtResource("1_0xudb")
size = Vector3(8, 2, 2)

[node name="CSGBox3D21" type="CSGBox3D" parent="."]
transform = Transform3D(1, 0, 0, 0, 1, 0, 0, 0, 1, -3, 2, -19)
material_override = ExtResource("1_0xudb")
size = Vector3(2, 4, 2)
