[gd_scene load_steps=2 format=3 uid="uid://gxh2473dc4ia"]

[ext_resource type="Material" uid="uid://bk1jki3qc31vu" path="res://textures/resources/CSG.tres" id="1_p436x"]

[node name="minitile_1x3_1" type="Node3D"]

[node name="CSGBox3D" type="CSGBox3D" parent="."]
transform = Transform3D(1, 0, 0, 0, 1, 0, 0, 0, 1, 0, -25, 0)
size = Vector3(8, 50, 24)
material = ExtResource("1_p436x")

[node name="CSGBox3D2" type="CSGBox3D" parent="."]
transform = Transform3D(1, 0, 0, 0, 1, 0, 0, 0, 1, -1.5, 0.5, 8.5)
material_override = ExtResource("1_p436x")
size = Vector3(3, 1, 3)

[node name="CSGBox3D3" type="CSGBox3D" parent="."]
transform = Transform3D(1, 0, 0, 0, 1, 0, 0, 0, 1, -1.5, 3.5, 8.5)
material_override = ExtResource("1_p436x")
size = Vector3(3, 1, 3)

[node name="CSGBox3D4" type="CSGBox3D" parent="."]
transform = Transform3D(1, 0, 0, 0, 1, 0, 0, 0, 1, -1.5, 6.5, 8.5)
material_override = ExtResource("1_p436x")
size = Vector3(3, 1, 3)

[node name="CSGBox3D5" type="CSGBox3D" parent="."]
transform = Transform3D(1, 0, 0, 0, 1, 0, 0, 0, 1, -1.5, 9.5, 8.5)
material_override = ExtResource("1_p436x")
size = Vector3(3, 1, 3)

[node name="CSGBox3D10" type="CSGBox3D" parent="."]
transform = Transform3D(1, 0, 0, 0, 1, 0, 0, 0, 1, -1.5, 0.5, 3.5)
material_override = ExtResource("1_p436x")
size = Vector3(3, 1, 3)

[node name="CSGBox3D11" type="CSGBox3D" parent="."]
transform = Transform3D(1, 0, 0, 0, 1, 0, 0, 0, 1, -1.5, 3.5, 3.5)
material_override = ExtResource("1_p436x")
size = Vector3(3, 1, 3)

[node name="CSGBox3D12" type="CSGBox3D" parent="."]
transform = Transform3D(1, 0, 0, 0, 1, 0, 0, 0, 1, -1.5, 6.5, 3.5)
material_override = ExtResource("1_p436x")
size = Vector3(3, 1, 3)

[node name="CSGBox3D13" type="CSGBox3D" parent="."]
transform = Transform3D(1, 0, 0, 0, 1, 0, 0, 0, 1, -1.5, 9.5, 3.5)
material_override = ExtResource("1_p436x")
size = Vector3(3, 1, 3)

[node name="CSGBox3D18" type="CSGBox3D" parent="."]
transform = Transform3D(1, 0, 0, 0, 1, 0, 0, 0, 1, -1.5, 0.5, -1.5)
material_override = ExtResource("1_p436x")
size = Vector3(3, 1, 3)

[node name="CSGBox3D19" type="CSGBox3D" parent="."]
transform = Transform3D(1, 0, 0, 0, 1, 0, 0, 0, 1, -1.5, 3.5, -1.5)
material_override = ExtResource("1_p436x")
size = Vector3(3, 1, 3)

[node name="CSGBox3D20" type="CSGBox3D" parent="."]
transform = Transform3D(1, 0, 0, 0, 1, 0, 0, 0, 1, -1.5, 6.5, -1.5)
material_override = ExtResource("1_p436x")
size = Vector3(3, 1, 3)

[node name="CSGBox3D21" type="CSGBox3D" parent="."]
transform = Transform3D(1, 0, 0, 0, 1, 0, 0, 0, 1, -1.5, 9.5, -1.5)
material_override = ExtResource("1_p436x")
size = Vector3(3, 1, 3)

[node name="CSGBox3D26" type="CSGBox3D" parent="."]
transform = Transform3D(1, 0, 0, 0, 1, 0, 0, 0, 1, -1.5, 0.5, -6.5)
material_override = ExtResource("1_p436x")
size = Vector3(3, 1, 3)

[node name="CSGBox3D27" type="CSGBox3D" parent="."]
transform = Transform3D(1, 0, 0, 0, 1, 0, 0, 0, 1, -1.5, 3.5, -6.5)
material_override = ExtResource("1_p436x")
size = Vector3(3, 1, 3)

[node name="CSGBox3D28" type="CSGBox3D" parent="."]
transform = Transform3D(1, 0, 0, 0, 1, 0, 0, 0, 1, -1.5, 6.5, -6.5)
material_override = ExtResource("1_p436x")
size = Vector3(3, 1, 3)

[node name="CSGBox3D29" type="CSGBox3D" parent="."]
transform = Transform3D(1, 0, 0, 0, 1, 0, 0, 0, 1, -1.5, 9.5, -6.5)
material_override = ExtResource("1_p436x")
size = Vector3(3, 1, 3)

[node name="CSGBox3D30" type="CSGBox3D" parent="."]
transform = Transform3D(1, 0, 0, 0, 1, 0, 0, 0, 1, 1.5, 5, -1.5)
material_override = ExtResource("1_p436x")
size = Vector3(1, 10, 1)

[node name="CSGBox3D31" type="CSGBox3D" parent="."]
transform = Transform3D(1, 0, 0, 0, 1, 0, 0, 0, 1, 2.5, 4, -1.5)
material_override = ExtResource("1_p436x")
size = Vector3(1, 8, 1)

[node name="CSGBox3D14" type="CSGBox3D" parent="."]
transform = Transform3D(1, 0, 0, 0, 1, 0, 0, 0, 1, 2, 1, 0)
material_override = ExtResource("1_p436x")
size = Vector3(2, 2, 2)
