[gd_scene load_steps=2 format=3 uid="uid://cjkxhauo45i8o"]

[ext_resource type="Material" uid="uid://bk1jki3qc31vu" path="res://textures/resources/CSG.tres" id="1_w76b5"]

[node name="minitile_1x4_1" type="Node3D"]

[node name="CSGBox3D" type="CSGBox3D" parent="."]
transform = Transform3D(1, 0, 0, 0, 1, 0, 0, 0, 1, 0, -25, 0)
size = Vector3(8, 50, 32)
material = ExtResource("1_w76b5")

[node name="CSGBox3D6" type="CSGBox3D" parent="."]
transform = Transform3D(1, 0, 0, 0, 1, 0, 0, 0, 1, -1, 8.5, 12)
material_override = ExtResource("1_w76b5")
size = Vector3(2, 1, 2)

[node name="CSGBox3D3" type="CSGBox3D" parent="."]
transform = Transform3D(1, 0, 0, 0, 1, 0, 0, 0, 1, -1, 4.5, 12)
material_override = ExtResource("1_w76b5")
size = Vector3(2, 1, 2)

[node name="CSGBox3D4" type="CSGBox3D" parent="."]
transform = Transform3D(1, 0, 0, 0, 1, 0, 0, 0, 1, -1, 16.5, 12)
material_override = ExtResource("1_w76b5")
size = Vector3(2, 1, 2)

[node name="CSGBox3D5" type="CSGBox3D" parent="."]
transform = Transform3D(1, 0, 0, 0, 1, 0, 0, 0, 1, -1, 12.5, 12)
material_override = ExtResource("1_w76b5")
size = Vector3(2, 1, 2)

[node name="CSGBox3D8" type="CSGBox3D" parent="."]
transform = Transform3D(1, 0, 0, 0, 1, 0, 0, 0, 1, -1, 8.5, 7)
material_override = ExtResource("1_w76b5")
size = Vector3(2, 1, 2)

[node name="CSGBox3D9" type="CSGBox3D" parent="."]
transform = Transform3D(1, 0, 0, 0, 1, 0, 0, 0, 1, -1, 4.5, 7)
material_override = ExtResource("1_w76b5")
size = Vector3(2, 1, 2)

[node name="CSGBox3D10" type="CSGBox3D" parent="."]
transform = Transform3D(1, 0, 0, 0, 1, 0, 0, 0, 1, -1, 16.5, 7)
material_override = ExtResource("1_w76b5")
size = Vector3(2, 1, 2)

[node name="CSGBox3D12" type="CSGBox3D" parent="."]
transform = Transform3D(1, 0, 0, 0, 1, 0, 0, 0, 1, 1.5, 8.5, 6.5)
material_override = ExtResource("1_w76b5")
size = Vector3(1, 17, 1)

[node name="CSGBox3D17" type="CSGBox3D" parent="."]
transform = Transform3D(1, 0, 0, 0, 1, 0, 0, 0, 1, 2.5, 2.5, 6.5)
material_override = ExtResource("1_w76b5")
size = Vector3(1, 5, 1)

[node name="CSGBox3D11" type="CSGBox3D" parent="."]
transform = Transform3D(1, 0, 0, 0, 1, 0, 0, 0, 1, -1, 12.5, 7)
material_override = ExtResource("1_w76b5")
size = Vector3(2, 1, 2)

[node name="CSGBox3D13" type="CSGBox3D" parent="."]
transform = Transform3D(1, 0, 0, 0, 1, 0, 0, 0, 1, -1, 8.5, 2)
material_override = ExtResource("1_w76b5")
size = Vector3(2, 1, 2)

[node name="CSGBox3D14" type="CSGBox3D" parent="."]
transform = Transform3D(1, 0, 0, 0, 1, 0, 0, 0, 1, -1, 4.5, 2)
material_override = ExtResource("1_w76b5")
size = Vector3(2, 1, 2)

[node name="CSGBox3D15" type="CSGBox3D" parent="."]
transform = Transform3D(1, 0, 0, 0, 1, 0, 0, 0, 1, -1, 16.5, 2)
material_override = ExtResource("1_w76b5")
size = Vector3(2, 1, 2)

[node name="CSGBox3D16" type="CSGBox3D" parent="."]
transform = Transform3D(1, 0, 0, 0, 1, 0, 0, 0, 1, -1, 12.5, 2)
material_override = ExtResource("1_w76b5")
size = Vector3(2, 1, 2)

[node name="CSGBox3D18" type="CSGBox3D" parent="."]
transform = Transform3D(1, 0, 0, 0, 1, 0, 0, 0, 1, -1, 8.5, -3)
material_override = ExtResource("1_w76b5")
size = Vector3(2, 1, 2)

[node name="CSGBox3D19" type="CSGBox3D" parent="."]
transform = Transform3D(1, 0, 0, 0, 1, 0, 0, 0, 1, -1, 4.5, -3)
material_override = ExtResource("1_w76b5")
size = Vector3(2, 1, 2)

[node name="CSGBox3D20" type="CSGBox3D" parent="."]
transform = Transform3D(1, 0, 0, 0, 1, 0, 0, 0, 1, -1, 16.5, -3)
material_override = ExtResource("1_w76b5")
size = Vector3(2, 1, 2)

[node name="CSGBox3D21" type="CSGBox3D" parent="."]
transform = Transform3D(1, 0, 0, 0, 1, 0, 0, 0, 1, -1, 12.5, -3)
material_override = ExtResource("1_w76b5")
size = Vector3(2, 1, 2)

[node name="CSGBox3D22" type="CSGBox3D" parent="."]
transform = Transform3D(1, 0, 0, 0, 1, 0, 0, 0, 1, 2, 1, 5)
material_override = ExtResource("1_w76b5")
size = Vector3(2, 2, 2)
