[gd_scene load_steps=2 format=3 uid="uid://cn84d1u6ldc3e"]

[ext_resource type="Material" uid="uid://bk1jki3qc31vu" path="res://textures/resources/CSG.tres" id="1_h8s0p"]

[node name="minitile_2x3_1" type="Node3D"]

[node name="CSGBox3D" type="CSGBox3D" parent="."]
transform = Transform3D(1, 0, 0, 0, 1, 0, 0, 0, 1, 0, -25, 0)
material_override = ExtResource("1_h8s0p")
size = Vector3(16, 50, 24)

[node name="CSGBox3D13" type="CSGBox3D" parent="."]
transform = Transform3D(1, 0, 0, 0, 1, 0, 0, 0, 1, -7, 5.5, -11.5)
material_override = ExtResource("1_h8s0p")
size = Vector3(2, 3, 1)

[node name="CSGBox3D14" type="CSGBox3D" parent="."]
transform = Transform3D(1, 0, 0, 0, 1, 0, 0, 0, 1, -5, 5.5, -6.5)
material_override = ExtResource("1_h8s0p")
size = Vector3(4, 3, 3)

[node name="CSGBox3D15" type="CSGBox3D" parent="."]
transform = Transform3D(1, 0, 0, 0, 1, 0, 0, 0, 1, 2, 5.5, -11.5)
material_override = ExtResource("1_h8s0p")
size = Vector3(12, 3, 1)

[node name="CSGBox3D16" type="CSGBox3D" parent="."]
transform = Transform3D(1, 0, 0, 0, 1, 0, 0, 0, 1, -4, 5.5, -0.5)
material_override = ExtResource("1_h8s0p")
size = Vector3(2, 3, 5)

[node name="CSGBox3D17" type="CSGBox3D" parent="."]
transform = Transform3D(1, 0, 0, 0, 1, 0, 0, 0, 1, 0, 1.5, -11.5)
material_override = ExtResource("1_h8s0p")
size = Vector3(16, 3, 1)

[node name="CSGBox3D20" type="CSGBox3D" parent="."]
transform = Transform3D(1, 0, 0, 0, 1, 0, 0, 0, 1, -6, 1.5, 11.5)
material_override = ExtResource("1_h8s0p")
size = Vector3(4, 3, 1)

[node name="CSGBox3D21" type="CSGBox3D" parent="."]
transform = Transform3D(1, 0, 0, 0, 1, 0, 0, 0, 1, 7.5, 1.5, -8.5)
material_override = ExtResource("1_h8s0p")
size = Vector3(1, 3, 5)

[node name="CSGBox3D23" type="CSGBox3D" parent="."]
transform = Transform3D(1, 0, 0, 0, 1, 0, 0, 0, 1, -7.5, 5.5, 0)
material_override = ExtResource("1_h8s0p")
size = Vector3(1, 3, 4)

[node name="CSGBox3D25" type="CSGBox3D" parent="."]
transform = Transform3D(1, 0, 0, 0, 1, 0, 0, 0, 1, -5.5, 1.5, 4)
material_override = ExtResource("1_h8s0p")
size = Vector3(5, 3, 4)

[node name="CSGBox3D31" type="CSGBox3D" parent="."]
transform = Transform3D(1, 0, 0, 0, 1, 0, 0, 0, 1, 1.5, 1.5, 8)
material_override = ExtResource("1_h8s0p")
size = Vector3(1, 3, 6)

[node name="CSGBox3D32" type="CSGBox3D" parent="."]
transform = Transform3D(1, 0, 0, 0, 1, 0, 0, 0, 1, 1.5, 1.5, 1)
material_override = ExtResource("1_h8s0p")
size = Vector3(1, 3, 4)

[node name="CSGBox3D26" type="CSGBox3D" parent="."]
transform = Transform3D(1, 0, 0, 0, 1, 0, 0, 0, 1, 3.5, 1.5, -2)
material_override = ExtResource("1_h8s0p")
size = Vector3(9, 3, 2)

[node name="CSGBox3D27" type="CSGBox3D" parent="."]
transform = Transform3D(1, 0, 0, 0, 1, 0, 0, 0, 1, -7.5, 5.5, -8)
material_override = ExtResource("1_h8s0p")
size = Vector3(1, 3, 6)

[node name="CSGBox3D33" type="CSGBox3D" parent="."]
transform = Transform3D(1, 0, 0, 0, 1, 0, 0, 0, 1, -0.5, 8.5, -8)
material_override = ExtResource("1_h8s0p")
size = Vector3(9, 1, 6)

[node name="CSGBox3D28" type="CSGBox3D" parent="."]
transform = Transform3D(1, 0, 0, 0, 1, 0, 0, 0, 1, 4, 5.5, -3.5)
material_override = ExtResource("1_h8s0p")
size = Vector3(8, 3, 11)

[node name="CSGBox3D29" type="CSGBox3D" parent="."]
transform = Transform3D(1, 0, 0, 0, 1, 0, 0, 0, 1, 1, 1.5, -5)
material_override = ExtResource("1_h8s0p")
size = Vector3(4, 3, 4)

[node name="CSGBox3D30" type="CSGBox3D" parent="."]
transform = Transform3D(1, 0, 0, 0, 1, 0, 0, 0, 1, 7, 1.5, 1)
material_override = ExtResource("1_h8s0p")
size = Vector3(2, 3, 4)

[node name="CSGBox3D22" type="CSGBox3D" parent="."]
transform = Transform3D(1, 0, 0, 0, 1, 0, 0, 0, 1, 7, 1.5, 11)
material_override = ExtResource("1_h8s0p")
size = Vector3(2, 3, 2)

[node name="CSGBox3D24" type="CSGBox3D" parent="."]
transform = Transform3D(1, 0, 0, 0, 1, 0, 0, 0, 1, 1, 1.5, 11.5)
material_override = ExtResource("1_h8s0p")
size = Vector3(6, 3, 1)

[node name="CSGBox3D18" type="CSGBox3D" parent="."]
transform = Transform3D(1, 0, 0, 0, 1, 0, 0, 0, 1, 0, 3.5, 0)
material_override = ExtResource("1_h8s0p")
size = Vector3(16, 1, 24)

[node name="CSGBox3D19" type="CSGBox3D" parent="."]
transform = Transform3D(1, 0, 0, 0, 1, 0, 0, 0, 1, 0, 7.5, -3.5)
material_override = ExtResource("1_h8s0p")
size = Vector3(16, 1, 17)
