[gd_scene load_steps=2 format=3 uid="uid://h3xhx7bfm171"]

[ext_resource type="Material" uid="uid://bk1jki3qc31vu" path="res://textures/resources/CSG.tres" id="1_0r0ki"]

[node name="minitile_1x3_1" type="Node3D"]

[node name="CSGBox3D" type="CSGBox3D" parent="."]
transform = Transform3D(1, 0, 0, 0, 1, 0, 0, 0, 1, 0, -25, 0)
material_override = ExtResource("1_0r0ki")
size = Vector3(8, 50, 24)

[node name="CSGBox3D6" type="CSGBox3D" parent="."]
transform = Transform3D(1, 0, 0, 0, 1, 0, 0, 0, 1, 0, 7.5, 0)
material_override = ExtResource("1_0r0ki")
size = Vector3(8, 1, 24)

[node name="CSGBox3D11" type="CSGBox3D" parent="."]
transform = Transform3D(1, 0, 0, 0, 1, 0, 0, 0, 1, -0.5, 12.5, 0.5)
material_override = ExtResource("1_0r0ki")
size = Vector3(1, 9, 1)

[node name="CSGBox3D13" type="CSGBox3D" parent="."]
transform = Transform3D(1, 0, 0, 0, 1, 0, 0, 0, 1, -2.5, 12.5, -3)
material_override = ExtResource("1_0r0ki")
size = Vector3(1, 9, 2)

[node name="CSGBox3D17" type="CSGBox3D" parent="."]
transform = Transform3D(1, 0, 0, 0, 1, 0, 0, 0, 1, 2.5, 12.5, -8.5)
material_override = ExtResource("1_0r0ki")
size = Vector3(1, 9, 3)

[node name="CSGBox3D12" type="CSGBox3D" parent="."]
transform = Transform3D(1, 0, 0, 0, 1, 0, 0, 0, 1, -1.5, 12.5, 4)
material_override = ExtResource("1_0r0ki")
size = Vector3(1, 9, 2)

[node name="CSGBox3D14" type="CSGBox3D" parent="."]
transform = Transform3D(1, 0, 0, 0, 1, 0, 0, 0, 1, 0.5, 12.5, 6.5)
material_override = ExtResource("1_0r0ki")
size = Vector3(1, 9, 3)

[node name="CSGBox3D9" type="CSGBox3D" parent="."]
transform = Transform3D(1, 0, 0, 0, 1, 0, 0, 0, 1, 0, 3.5, 9.5)
material_override = ExtResource("1_0r0ki")
size = Vector3(4, 7, 1)

[node name="CSGBox3D15" type="CSGBox3D" parent="."]
transform = Transform3D(1, 0, 0, 0, 1, 0, 0, 0, 1, 1.5, 3.5, -5.5)
material_override = ExtResource("1_0r0ki")
size = Vector3(1, 7, 1)

[node name="CSGBox3D18" type="CSGBox3D" parent="."]
transform = Transform3D(1, 0, 0, 0, 1, 0, 0, 0, 1, -1.5, 3.5, -5.5)
material_override = ExtResource("1_0r0ki")
size = Vector3(1, 7, 1)

[node name="CSGBox3D19" type="CSGBox3D" parent="."]
transform = Transform3D(1, 0, 0, 0, 1, 0, 0, 0, 1, 0, 0.5, -5.5)
material_override = ExtResource("1_0r0ki")
size = Vector3(2, 1, 1)

[node name="CSGBox3D20" type="CSGBox3D" parent="."]
transform = Transform3D(1, 0, 0, 0, 1, 0, 0, 0, 1, 0, 5.5, -5.5)
material_override = ExtResource("1_0r0ki")
size = Vector3(2, 3, 1)

[node name="CSGBox3D21" type="CSGBox3D" parent="."]
transform = Transform3D(1, 0, 0, 0, 1, 0, 0, 0, 1, 1.5, 3.5, 5.5)
material_override = ExtResource("1_0r0ki")
size = Vector3(1, 7, 1)

[node name="CSGBox3D22" type="CSGBox3D" parent="."]
transform = Transform3D(1, 0, 0, 0, 1, 0, 0, 0, 1, -1.5, 3.5, 5.5)
material_override = ExtResource("1_0r0ki")
size = Vector3(1, 7, 1)

[node name="CSGBox3D23" type="CSGBox3D" parent="."]
transform = Transform3D(1, 0, 0, 0, 1, 0, 0, 0, 1, 0, 0.5, 5.5)
material_override = ExtResource("1_0r0ki")
size = Vector3(2, 1, 1)

[node name="CSGBox3D24" type="CSGBox3D" parent="."]
transform = Transform3D(1, 0, 0, 0, 1, 0, 0, 0, 1, 0, 5.5, 5.5)
material_override = ExtResource("1_0r0ki")
size = Vector3(2, 3, 1)

[node name="CSGBox3D16" type="CSGBox3D" parent="."]
transform = Transform3D(1, 0, 0, 0, 1, 0, 0, 0, 1, 0, 3.5, -9.5)
material_override = ExtResource("1_0r0ki")
size = Vector3(4, 7, 1)

[node name="CSGBox3D8" type="CSGBox3D" parent="."]
transform = Transform3D(1, 0, 0, 0, 1, 0, 0, 0, 1, 0, 15.5, 0)
material_override = ExtResource("1_0r0ki")
size = Vector3(8, 1, 24)
