[gd_scene load_steps=2 format=3 uid="uid://digt5bbcnx3cs"]

[ext_resource type="Material" uid="uid://bk1jki3qc31vu" path="res://textures/resources/CSG.tres" id="1_ndv1m"]

[node name="minitile_1x2_1" type="Node3D"]

[node name="CSGBox3D" type="CSGBox3D" parent="."]
transform = Transform3D(1, 0, 0, 0, 1, 0, 0, 0, 1, 0, -25, 0)
material_override = ExtResource("1_ndv1m")
size = Vector3(8, 50, 16)

[node name="CSGBox3D6" type="CSGBox3D" parent="."]
transform = Transform3D(1, 0, 0, 0, 1, 0, 0, 0, 1, 0, 7.5, 0)
material_override = ExtResource("1_ndv1m")
size = Vector3(8, 1, 16)

[node name="CSGBox3D11" type="CSGBox3D" parent="."]
transform = Transform3D(1, 0, 0, 0, 1, 0, 0, 0, 1, -2.5, 12.5, 2)
material_override = ExtResource("1_ndv1m")
size = Vector3(1, 9, 1)

[node name="CSGBox3D13" type="CSGBox3D" parent="."]
transform = Transform3D(1, 0, 0, 0, 1, 0, 0, 0, 1, 2.5, 12.5, 2)
material_override = ExtResource("1_ndv1m")
size = Vector3(1, 9, 1)

[node name="CSGBox3D12" type="CSGBox3D" parent="."]
transform = Transform3D(1, 0, 0, 0, 1, 0, 0, 0, 1, -2.5, 12.5, 6.5)
material_override = ExtResource("1_ndv1m")
size = Vector3(1, 9, 1)

[node name="CSGBox3D14" type="CSGBox3D" parent="."]
transform = Transform3D(1, 0, 0, 0, 1, 0, 0, 0, 1, 2.5, 12.5, 6.5)
material_override = ExtResource("1_ndv1m")
size = Vector3(1, 9, 1)

[node name="CSGBox3D9" type="CSGBox3D" parent="."]
transform = Transform3D(1, 0, 0, 0, 1, 0, 0, 0, 1, 0, 3.5, 4.5)
material_override = ExtResource("1_ndv1m")
size = Vector3(4, 7, 3)

[node name="CSGBox3D15" type="CSGBox3D" parent="."]
transform = Transform3D(1, 0, 0, 0, 1, 0, 0, 0, 1, 0, 3.5, -4.5)
material_override = ExtResource("1_ndv1m")
size = Vector3(4, 7, 3)

[node name="CSGBox3D10" type="CSGBox3D" parent="."]
transform = Transform3D(1, 0, 0, 0, 1, 0, 0, 0, 1, 0, 1, 0)
material_override = ExtResource("1_ndv1m")
size = Vector3(4, 2, 6)

[node name="CSGBox3D8" type="CSGBox3D" parent="."]
transform = Transform3D(1, 0, 0, 0, 1, 0, 0, 0, 1, 0, 15.5, 4.5)
material_override = ExtResource("1_ndv1m")
size = Vector3(8, 1, 7)
