[gd_scene load_steps=2 format=3 uid="uid://2ewywngrcatl"]

[ext_resource type="Material" uid="uid://bk1jki3qc31vu" path="res://textures/resources/CSG.tres" id="1_oasa7"]

[node name="minitile_2x5_1" type="Node3D"]

[node name="CSGBox3D" type="CSGBox3D" parent="."]
transform = Transform3D(1, 0, 0, 0, 1, 0, 0, 0, 1, 0, -25, 0)
material_override = ExtResource("1_oasa7")
size = Vector3(16, 50, 40)

[node name="CSGBox3D6" type="CSGBox3D" parent="."]
transform = Transform3D(1, 0, 0, 0, 1, 0, 0, 0, 1, 0, 7.5, 0)
material_override = ExtResource("1_oasa7")
size = Vector3(16, 1, 40)

[node name="CSGBox3D11" type="CSGBox3D" parent="."]
transform = Transform3D(1, 0, 0, 0, 1, 0, 0, 0, 1, -4.5, 12.5, 17)
material_override = ExtResource("1_oasa7")
size = Vector3(1, 9, 2)

[node name="CSGBox3D13" type="CSGBox3D" parent="."]
transform = Transform3D(1, 0, 0, 0, 1, 0, 0, 0, 1, -5.5, 12.5, 16.5)
material_override = ExtResource("1_oasa7")
size = Vector3(1, 9, 1)

[node name="CSGBox3D12" type="CSGBox3D" parent="."]
transform = Transform3D(1, 0, 0, 0, 1, 0, 0, 0, 1, 4.5, 12.5, 17)
material_override = ExtResource("1_oasa7")
size = Vector3(1, 9, 2)

[node name="CSGBox3D14" type="CSGBox3D" parent="."]
transform = Transform3D(1, 0, 0, 0, 1, 0, 0, 0, 1, 5.5, 12.5, 16.5)
material_override = ExtResource("1_oasa7")
size = Vector3(1, 9, 1)

[node name="CSGBox3D27" type="CSGBox3D" parent="."]
transform = Transform3D(1, 0, 0, 0, 1, 0, 0, 0, 1, -4.5, 12.5, -17)
material_override = ExtResource("1_oasa7")
size = Vector3(1, 9, 2)

[node name="CSGBox3D28" type="CSGBox3D" parent="."]
transform = Transform3D(1, 0, 0, 0, 1, 0, 0, 0, 1, -5.5, 12.5, -16.5)
material_override = ExtResource("1_oasa7")
size = Vector3(1, 9, 1)

[node name="CSGBox3D29" type="CSGBox3D" parent="."]
transform = Transform3D(1, 0, 0, 0, 1, 0, 0, 0, 1, 4.5, 12.5, -17)
material_override = ExtResource("1_oasa7")
size = Vector3(1, 9, 2)

[node name="CSGBox3D30" type="CSGBox3D" parent="."]
transform = Transform3D(1, 0, 0, 0, 1, 0, 0, 0, 1, 5.5, 12.5, -16.5)
material_override = ExtResource("1_oasa7")
size = Vector3(1, 9, 1)

[node name="CSGBox3D10" type="CSGBox3D" parent="."]
transform = Transform3D(1, 0, 0, 0, 1, 0, 0, 0, 1, -4, 3.5, -0.5)
material_override = ExtResource("1_oasa7")
size = Vector3(2, 7, 1)

[node name="CSGBox3D15" type="CSGBox3D" parent="."]
transform = Transform3D(1, 0, 0, 0, 1, 0, 0, 0, 1, 4, 3.5, -0.5)
material_override = ExtResource("1_oasa7")
size = Vector3(2, 7, 1)

[node name="CSGBox3D16" type="CSGBox3D" parent="."]
transform = Transform3D(1, 0, 0, 0, 1, 0, 0, 0, 1, 0, 0.5, -0.5)
material_override = ExtResource("1_oasa7")
size = Vector3(6, 1, 1)

[node name="CSGBox3D17" type="CSGBox3D" parent="."]
transform = Transform3D(1, 0, 0, 0, 1, 0, 0, 0, 1, 0, 5.5, -0.5)
material_override = ExtResource("1_oasa7")
size = Vector3(6, 3, 1)

[node name="CSGBox3D18" type="CSGBox3D" parent="."]
transform = Transform3D(1, 0, 0, 0, 1, 0, 0, 0, 1, -4, 3.5, 4.5)
material_override = ExtResource("1_oasa7")
size = Vector3(2, 7, 1)

[node name="CSGBox3D19" type="CSGBox3D" parent="."]
transform = Transform3D(1, 0, 0, 0, 1, 0, 0, 0, 1, 4, 3.5, 4.5)
material_override = ExtResource("1_oasa7")
size = Vector3(2, 7, 1)

[node name="CSGBox3D20" type="CSGBox3D" parent="."]
transform = Transform3D(1, 0, 0, 0, 1, 0, 0, 0, 1, 0, 0.5, 4.5)
material_override = ExtResource("1_oasa7")
size = Vector3(6, 1, 1)

[node name="CSGBox3D21" type="CSGBox3D" parent="."]
transform = Transform3D(1, 0, 0, 0, 1, 0, 0, 0, 1, 0, 5.5, 4.5)
material_override = ExtResource("1_oasa7")
size = Vector3(6, 3, 1)

[node name="CSGBox3D22" type="CSGBox3D" parent="."]
transform = Transform3D(1, 0, 0, 0, 1, 0, 0, 0, 1, -4, 3.5, 9.5)
material_override = ExtResource("1_oasa7")
size = Vector3(2, 7, 1)

[node name="CSGBox3D26" type="CSGBox3D" parent="."]
transform = Transform3D(1, 0, 0, 0, 1, 0, 0, 0, 1, 0, 3.5, 14.5)
material_override = ExtResource("1_oasa7")
size = Vector3(10, 7, 1)

[node name="CSGBox3D23" type="CSGBox3D" parent="."]
transform = Transform3D(1, 0, 0, 0, 1, 0, 0, 0, 1, 4, 3.5, 9.5)
material_override = ExtResource("1_oasa7")
size = Vector3(2, 7, 1)

[node name="CSGBox3D24" type="CSGBox3D" parent="."]
transform = Transform3D(1, 0, 0, 0, 1, 0, 0, 0, 1, 0, 0.5, 9.5)
material_override = ExtResource("1_oasa7")
size = Vector3(6, 1, 1)

[node name="CSGBox3D25" type="CSGBox3D" parent="."]
transform = Transform3D(1, 0, 0, 0, 1, 0, 0, 0, 1, 0, 5.5, 9.5)
material_override = ExtResource("1_oasa7")
size = Vector3(6, 3, 1)

[node name="CSGBox3D8" type="CSGBox3D" parent="."]
transform = Transform3D(1, 0, 0, 0, 1, 0, 0, 0, 1, 0, 15.5, 0)
material_override = ExtResource("1_oasa7")
size = Vector3(16, 1, 40)
