[gd_scene load_steps=2 format=3 uid="uid://byuo1utivdqif"]

[ext_resource type="Material" uid="uid://bk1jki3qc31vu" path="res://textures/resources/CSG.tres" id="1_ri3cr"]

[node name="minitile_2x4_1" type="Node3D"]

[node name="CSGBox3D" type="CSGBox3D" parent="."]
transform = Transform3D(1, 0, 0, 0, 1, 0, 0, 0, 1, 0, -25, 0)
material_override = ExtResource("1_ri3cr")
size = Vector3(16, 50, 32)

[node name="CSGBox3D2" type="CSGBox3D" parent="."]
transform = Transform3D(1, 0, 0, 0, 1, 0, 0, 0, 1, -4, 12, 8)
material_override = ExtResource("1_ri3cr")
size = Vector3(2, 24, 2)

[node name="CSGBox3D5" type="CSGBox3D" parent="."]
transform = Transform3D(1, 0, 0, 0, 1, 0, 0, 0, 1, -4, 12, 3)
material_override = ExtResource("1_ri3cr")
size = Vector3(2, 24, 2)

[node name="CSGBox3D11" type="CSGBox3D" parent="."]
transform = Transform3D(1, 0, 0, 0, 1, 0, 0, 0, 1, 1, 12, 3)
material_override = ExtResource("1_ri3cr")
size = Vector3(2, 24, 2)

[node name="CSGBox3D16" type="CSGBox3D" parent="."]
transform = Transform3D(1, 0, 0, 0, 1, 0, 0, 0, 1, 1, 14, -7)
material_override = ExtResource("1_ri3cr")
size = Vector3(10, 10, 10)

[node name="CSGBox3D22" type="CSGBox3D" parent="."]
transform = Transform3D(1, 0, 0, 0, 1, 0, 0, 0, 1, -1.5, 17, 5.5)
material_override = ExtResource("1_ri3cr")
size = Vector3(5, 4, 5)

[node name="CSGBox3D3" type="CSGBox3D" parent="."]
transform = Transform3D(1, 0, 0, 0, 1, 0, 0, 0, 1, 1, 12, 8)
material_override = ExtResource("1_ri3cr")
size = Vector3(2, 24, 2)

[node name="CSGBox3D17" type="CSGBox3D" parent="."]
transform = Transform3D(1, 0, 0, 0, 1, 0, 0, 0, 1, 4.5, 1, 7)
material_override = ExtResource("1_ri3cr")
size = Vector3(7, 2, 18)

[node name="CSGBox3D20" type="CSGBox3D" parent="."]
transform = Transform3D(1, 0, 0, 0, 1, 0, 0, 0, 1, 7, 1, -9)
material_override = ExtResource("1_ri3cr")
size = Vector3(2, 2, 14)

[node name="CSGBox3D21" type="CSGBox3D" parent="."]
transform = Transform3D(1, 0, 0, 0, 1, 0, 0, 0, 1, 1, 1, -14)
material_override = ExtResource("1_ri3cr")
size = Vector3(10, 2, 4)

[node name="CSGBox3D18" type="CSGBox3D" parent="."]
transform = Transform3D(1, 0, 0, 0, 1, 0, 0, 0, 1, -6, 1, 0)
material_override = ExtResource("1_ri3cr")
size = Vector3(4, 2, 32)

[node name="CSGBox3D19" type="CSGBox3D" parent="."]
transform = Transform3D(1, 0, 0, 0, 1, 0, 0, 0, 1, -1.5, 1, 11.5)
material_override = ExtResource("1_ri3cr")
size = Vector3(5, 2, 9)

[node name="CSGBox3D4" type="CSGBox3D" parent="."]
transform = Transform3D(1, 0, 0, 0, 1, 0, 0, 0, 1, 6, 12, -12)
material_override = ExtResource("1_ri3cr")
size = Vector3(2, 24, 2)

[node name="CSGBox3D7" type="CSGBox3D" parent="."]
transform = Transform3D(1, 0, 0, 0, 1, 0, 0, 0, 1, -4, 12, -12)
material_override = ExtResource("1_ri3cr")
size = Vector3(2, 24, 2)

[node name="CSGBox3D8" type="CSGBox3D" parent="."]
transform = Transform3D(1, 0, 0, 0, 1, 0, 0, 0, 1, 1, 12, -12)
material_override = ExtResource("1_ri3cr")
size = Vector3(2, 24, 2)

[node name="CSGBox3D9" type="CSGBox3D" parent="."]
transform = Transform3D(1, 0, 0, 0, 1, 0, 0, 0, 1, 6, 12, -7)
material_override = ExtResource("1_ri3cr")
size = Vector3(2, 24, 2)

[node name="CSGBox3D10" type="CSGBox3D" parent="."]
transform = Transform3D(1, 0, 0, 0, 1, 0, 0, 0, 1, -4, 12, -7)
material_override = ExtResource("1_ri3cr")
size = Vector3(2, 24, 2)

[node name="CSGBox3D12" type="CSGBox3D" parent="."]
transform = Transform3D(1, 0, 0, 0, 1, 0, 0, 0, 1, 6, 12, -2)
material_override = ExtResource("1_ri3cr")
size = Vector3(2, 24, 2)

[node name="CSGBox3D13" type="CSGBox3D" parent="."]
transform = Transform3D(1, 0, 0, 0, 1, 0, 0, 0, 1, -4, 12, -2)
material_override = ExtResource("1_ri3cr")
size = Vector3(2, 24, 2)

[node name="CSGBox3D14" type="CSGBox3D" parent="."]
transform = Transform3D(1, 0, 0, 0, 1, 0, 0, 0, 1, 1, 12, -2)
material_override = ExtResource("1_ri3cr")
size = Vector3(2, 24, 2)
