[gd_scene load_steps=2 format=3 uid="uid://cb18l61hw4egw"]

[ext_resource type="Material" uid="uid://bk1jki3qc31vu" path="res://textures/resources/CSG.tres" id="1_jc1w6"]

[node name="minitile_3x4_1" type="Node3D"]

[node name="CSGBox3D" type="CSGBox3D" parent="."]
transform = Transform3D(1, 0, 0, 0, 1, 0, 0, 0, 1, 0, -25, 0)
size = Vector3(24, 50, 32)
material = ExtResource("1_jc1w6")

[node name="CSGBox3D2" type="CSGBox3D" parent="."]
transform = Transform3D(1, 0, 0, 0, 1, 0, 0, 0, 1, -5, 12, 12)
material_override = ExtResource("1_jc1w6")
size = Vector3(2, 24, 2)

[node name="CSGBox3D3" type="CSGBox3D" parent="."]
transform = Transform3D(1, 0, 0, 0, 1, 0, 0, 0, 1, -10, 12, 12)
material_override = ExtResource("1_jc1w6")
size = Vector3(2, 24, 2)

[node name="CSGBox3D4" type="CSGBox3D" parent="."]
transform = Transform3D(1, 0, 0, 0, 1, 0, 0, 0, 1, -5, 12, 7)
material_override = ExtResource("1_jc1w6")
size = Vector3(2, 24, 2)

[node name="CSGBox3D5" type="CSGBox3D" parent="."]
transform = Transform3D(1, 0, 0, 0, 1, 0, 0, 0, 1, -10, 12, 7)
material_override = ExtResource("1_jc1w6")
size = Vector3(2, 24, 2)

[node name="CSGBox3D6" type="CSGBox3D" parent="."]
transform = Transform3D(1, 0, 0, 0, 1, 0, 0, 0, 1, -5, 4.5, 2)
material_override = ExtResource("1_jc1w6")
size = Vector3(2, 9, 2)

[node name="CSGBox3D7" type="CSGBox3D" parent="."]
transform = Transform3D(1, 0, 0, 0, 1, 0, 0, 0, 1, -10, 12, 2)
material_override = ExtResource("1_jc1w6")
size = Vector3(2, 24, 2)

[node name="CSGBox3D8" type="CSGBox3D" parent="."]
transform = Transform3D(1, 0, 0, 0, 1, 0, 0, 0, 1, -5, 4.5, -3)
material_override = ExtResource("1_jc1w6")
size = Vector3(2, 9, 2)

[node name="CSGBox3D9" type="CSGBox3D" parent="."]
transform = Transform3D(1, 0, 0, 0, 1, 0, 0, 0, 1, -10, 12, -3)
material_override = ExtResource("1_jc1w6")
size = Vector3(2, 24, 2)

[node name="CSGBox3D10" type="CSGBox3D" parent="."]
transform = Transform3D(1, 0, 0, 0, 1, 0, 0, 0, 1, -5, 4.5, -8)
material_override = ExtResource("1_jc1w6")
size = Vector3(2, 9, 2)

[node name="CSGBox3D11" type="CSGBox3D" parent="."]
transform = Transform3D(1, 0, 0, 0, 1, 0, 0, 0, 1, -10, 12, -8)
material_override = ExtResource("1_jc1w6")
size = Vector3(2, 24, 2)

[node name="CSGBox3D12" type="CSGBox3D" parent="."]
transform = Transform3D(1, 0, 0, 0, 1, 0, 0, 0, 1, -5, 12, -13)
material_override = ExtResource("1_jc1w6")
size = Vector3(2, 24, 2)

[node name="CSGBox3D13" type="CSGBox3D" parent="."]
transform = Transform3D(1, 0, 0, 0, 1, 0, 0, 0, 1, -10, 12, -13)
material_override = ExtResource("1_jc1w6")
size = Vector3(2, 24, 2)

[node name="CSGBox3D14" type="CSGBox3D" parent="."]
transform = Transform3D(1, 0, 0, 0, 1, 0, 0, 0, 1, 5, 12, 12)
material_override = ExtResource("1_jc1w6")
size = Vector3(2, 24, 2)

[node name="CSGBox3D15" type="CSGBox3D" parent="."]
transform = Transform3D(1, 0, 0, 0, 1, 0, 0, 0, 1, 0, 12, 12)
material_override = ExtResource("1_jc1w6")
size = Vector3(2, 24, 2)

[node name="CSGBox3D16" type="CSGBox3D" parent="."]
transform = Transform3D(1, 0, 0, 0, 1, 0, 0, 0, 1, 5, 12, 7)
material_override = ExtResource("1_jc1w6")
size = Vector3(2, 24, 2)

[node name="CSGBox3D17" type="CSGBox3D" parent="."]
transform = Transform3D(1, 0, 0, 0, 1, 0, 0, 0, 1, 0, 4.5, 7)
material_override = ExtResource("1_jc1w6")
size = Vector3(2, 9, 2)

[node name="CSGBox3D18" type="CSGBox3D" parent="."]
transform = Transform3D(1, 0, 0, 0, 1, 0, 0, 0, 1, 5, 4.5, 2)
material_override = ExtResource("1_jc1w6")
size = Vector3(2, 9, 2)

[node name="CSGBox3D20" type="CSGBox3D" parent="."]
transform = Transform3D(1, 0, 0, 0, 1, 0, 0, 0, 1, 5, 4.5, -3)
material_override = ExtResource("1_jc1w6")
size = Vector3(2, 9, 2)

[node name="CSGBox3D22" type="CSGBox3D" parent="."]
transform = Transform3D(1, 0, 0, 0, 1, 0, 0, 0, 1, 5, 4.5, -8)
material_override = ExtResource("1_jc1w6")
size = Vector3(2, 9, 2)

[node name="CSGBox3D24" type="CSGBox3D" parent="."]
transform = Transform3D(1, 0, 0, 0, 1, 0, 0, 0, 1, 5, 12, -13)
material_override = ExtResource("1_jc1w6")
size = Vector3(2, 24, 2)

[node name="CSGBox3D26" type="CSGBox3D" parent="."]
transform = Transform3D(1, 0, 0, 0, 1, 0, 0, 0, 1, 10, 12, 12)
material_override = ExtResource("1_jc1w6")
size = Vector3(2, 24, 2)

[node name="CSGBox3D27" type="CSGBox3D" parent="."]
transform = Transform3D(1, 0, 0, 0, 1, 0, 0, 0, 1, 10, 12, 7)
material_override = ExtResource("1_jc1w6")
size = Vector3(2, 24, 2)

[node name="CSGBox3D28" type="CSGBox3D" parent="."]
transform = Transform3D(1, 0, 0, 0, 1, 0, 0, 0, 1, 10, 12, 2)
material_override = ExtResource("1_jc1w6")
size = Vector3(2, 24, 2)

[node name="CSGBox3D29" type="CSGBox3D" parent="."]
transform = Transform3D(1, 0, 0, 0, 1, 0, 0, 0, 1, 10, 12, -3)
material_override = ExtResource("1_jc1w6")
size = Vector3(2, 24, 2)

[node name="CSGBox3D30" type="CSGBox3D" parent="."]
transform = Transform3D(1, 0, 0, 0, 1, 0, 0, 0, 1, 10, 12, -8)
material_override = ExtResource("1_jc1w6")
size = Vector3(2, 24, 2)

[node name="CSGBox3D31" type="CSGBox3D" parent="."]
transform = Transform3D(1, 0, 0, 0, 1, 0, 0, 0, 1, 10, 12, -13)
material_override = ExtResource("1_jc1w6")
size = Vector3(2, 24, 2)

[node name="CSGBox3D32" type="CSGBox3D" parent="."]
transform = Transform3D(1, 0, 0, 0, 1, 0, 0, 0, 1, 7.5, 22.5, -0.5)
material_override = ExtResource("1_jc1w6")
size = Vector3(5, 1, 25)

[node name="CSGBox3D33" type="CSGBox3D" parent="."]
transform = Transform3D(1, 0, 0, 0, 1, 0, 0, 0, 1, -7.5, 22.5, -0.5)
material_override = ExtResource("1_jc1w6")
size = Vector3(5, 1, 25)

[node name="CSGBox3D34" type="CSGBox3D" parent="."]
transform = Transform3D(1, 0, 0, 0, 1, 0, 0, 0, 1, 0, 22.5, 9.5)
material_override = ExtResource("1_jc1w6")
size = Vector3(10, 1, 5)

[node name="CSGBox3D35" type="CSGBox3D" parent="."]
transform = Transform3D(1, 0, 0, 0, 1, 0, 0, 0, 1, 7.5, 7.5, -0.5)
material_override = ExtResource("1_jc1w6")
size = Vector3(5, 1, 25)

[node name="CSGBox3D38" type="CSGBox3D" parent="."]
transform = Transform3D(1, 0, 0, 0, 1, 0, 0, 0, 1, 11, 1, 1.5)
material_override = ExtResource("1_jc1w6")
size = Vector3(2, 2, 29)

[node name="CSGBox3D42" type="CSGBox3D" parent="."]
transform = Transform3D(1, 0, 0, 0, 1, 0, 0, 0, 1, 0, 1, 14)
material_override = ExtResource("1_jc1w6")
size = Vector3(20, 2, 4)

[node name="CSGBox3D39" type="CSGBox3D" parent="."]
transform = Transform3D(1, 0, 0, 0, 1, 0, 0, 0, 1, 0, 1, -3)
material_override = ExtResource("1_jc1w6")
size = Vector3(10, 2, 20)

[node name="CSGBox3D41" type="CSGBox3D" parent="."]
transform = Transform3D(1, 0, 0, 0, 1, 0, 0, 0, 1, 0, 1, -14.5)
material_override = ExtResource("1_jc1w6")
size = Vector3(24, 2, 3)

[node name="CSGBox3D40" type="CSGBox3D" parent="."]
transform = Transform3D(1, 0, 0, 0, 1, 0, 0, 0, 1, -11, 1, 1.5)
material_override = ExtResource("1_jc1w6")
size = Vector3(2, 2, 29)

[node name="CSGBox3D36" type="CSGBox3D" parent="."]
transform = Transform3D(1, 0, 0, 0, 1, 0, 0, 0, 1, -7.5, 7.5, -0.5)
material_override = ExtResource("1_jc1w6")
size = Vector3(5, 1, 25)

[node name="CSGBox3D37" type="CSGBox3D" parent="."]
transform = Transform3D(1, 0, 0, 0, 1, 0, 0, 0, 1, 0, 7.5, 9.5)
material_override = ExtResource("1_jc1w6")
size = Vector3(10, 1, 5)
