[gd_scene load_steps=2 format=3 uid="uid://drfd8wub2bc7j"]

[ext_resource type="Material" uid="uid://bk1jki3qc31vu" path="res://textures/resources/CSG.tres" id="1_6s7r2"]

[node name="minitile_3x3_1" type="Node3D"]

[node name="CSGBox3D" type="CSGBox3D" parent="."]
transform = Transform3D(1, 0, 0, 0, 1, 0, 0, 0, 1, 0, -25, 0)
material_override = ExtResource("1_6s7r2")
size = Vector3(24, 50, 24)

[node name="CSGBox3D2" type="CSGBox3D" parent="."]
transform = Transform3D(1, 0, 0, 0, 1, 0, 0, 0, 1, -10, 12, -10)
material_override = ExtResource("1_6s7r2")
size = Vector3(2, 24, 2)

[node name="CSGBox3D3" type="CSGBox3D" parent="."]
transform = Transform3D(1, 0, 0, 0, 1, 0, 0, 0, 1, -10, 12, -5)
material_override = ExtResource("1_6s7r2")
size = Vector3(2, 24, 2)

[node name="CSGBox3D4" type="CSGBox3D" parent="."]
transform = Transform3D(1, 0, 0, 0, 1, 0, 0, 0, 1, -10, 12, 0)
material_override = ExtResource("1_6s7r2")
size = Vector3(2, 24, 2)

[node name="CSGBox3D5" type="CSGBox3D" parent="."]
transform = Transform3D(1, 0, 0, 0, 1, 0, 0, 0, 1, -10, 12, 5)
material_override = ExtResource("1_6s7r2")
size = Vector3(2, 24, 2)

[node name="CSGBox3D6" type="CSGBox3D" parent="."]
transform = Transform3D(1, 0, 0, 0, 1, 0, 0, 0, 1, -5, 12, -10)
material_override = ExtResource("1_6s7r2")
size = Vector3(2, 24, 2)

[node name="CSGBox3D10" type="CSGBox3D" parent="."]
transform = Transform3D(1, 0, 0, 0, 1, 0, 0, 0, 1, 0, 12, -10)
material_override = ExtResource("1_6s7r2")
size = Vector3(2, 24, 2)

[node name="CSGBox3D12" type="CSGBox3D" parent="."]
transform = Transform3D(1, 0, 0, 0, 1, 0, 0, 0, 1, 0, 12, 0)
material_override = ExtResource("1_6s7r2")
size = Vector3(2, 24, 2)

[node name="CSGBox3D13" type="CSGBox3D" parent="."]
transform = Transform3D(1, 0, 0, 0, 1, 0, 0, 0, 1, 5, 20.5, 5)
material_override = ExtResource("1_6s7r2")
size = Vector3(10, 1, 10)

[node name="CSGBox3D16" type="CSGBox3D" parent="."]
transform = Transform3D(1, 0, 0, 0, 1, 0, 0, 0, 1, -5, 10.5, -5)
material_override = ExtResource("1_6s7r2")
size = Vector3(10, 1, 10)

[node name="CSGBox3D32" type="CSGBox3D" parent="."]
transform = Transform3D(1, 0, 0, 0, 1, 0, 0, 0, 1, 7.5, 6.5, -7.5)
material_override = ExtResource("1_6s7r2")
size = Vector3(5, 1, 5)

[node name="CSGBox3D33" type="CSGBox3D" parent="."]
transform = Transform3D(1, 0, 0, 0, 1, 0, 0, 0, 1, 7.5, 22.5, -7.5)
material_override = ExtResource("1_6s7r2")
size = Vector3(5, 1, 5)

[node name="CSGBox3D17" type="CSGBox3D" parent="."]
transform = Transform3D(1, 0, 0, 0, 1, 0, 0, 0, 1, -5, 14.5, 5)
material_override = ExtResource("1_6s7r2")
size = Vector3(10, 1, 10)

[node name="CSGBox3D14" type="CSGBox3D" parent="."]
transform = Transform3D(1, 0, 0, 0, 1, 0, 0, 0, 1, 5, 12, -10)
material_override = ExtResource("1_6s7r2")
size = Vector3(2, 24, 2)

[node name="CSGBox3D18" type="CSGBox3D" parent="."]
transform = Transform3D(1, 0, 0, 0, 1, 0, 0, 0, 1, 10, 12, -10)
material_override = ExtResource("1_6s7r2")
size = Vector3(2, 24, 2)

[node name="CSGBox3D19" type="CSGBox3D" parent="."]
transform = Transform3D(1, 0, 0, 0, 1, 0, 0, 0, 1, 10, 12, -5)
material_override = ExtResource("1_6s7r2")
size = Vector3(2, 24, 2)

[node name="CSGBox3D31" type="CSGBox3D" parent="."]
transform = Transform3D(1, 0, 0, 0, 1, 0, 0, 0, 1, 5, 12, -5)
material_override = ExtResource("1_6s7r2")
size = Vector3(2, 24, 2)

[node name="CSGBox3D20" type="CSGBox3D" parent="."]
transform = Transform3D(1, 0, 0, 0, 1, 0, 0, 0, 1, 10, 12, 0)
material_override = ExtResource("1_6s7r2")
size = Vector3(2, 24, 2)

[node name="CSGBox3D21" type="CSGBox3D" parent="."]
transform = Transform3D(1, 0, 0, 0, 1, 0, 0, 0, 1, 10, 12, 5)
material_override = ExtResource("1_6s7r2")
size = Vector3(2, 24, 2)

[node name="CSGBox3D22" type="CSGBox3D" parent="."]
transform = Transform3D(1, 0, 0, 0, 1, 0, 0, 0, 1, -10, 12, 10)
material_override = ExtResource("1_6s7r2")
size = Vector3(2, 24, 2)

[node name="CSGBox3D23" type="CSGBox3D" parent="."]
transform = Transform3D(1, 0, 0, 0, 1, 0, 0, 0, 1, -5, 12, 10)
material_override = ExtResource("1_6s7r2")
size = Vector3(2, 24, 2)

[node name="CSGBox3D24" type="CSGBox3D" parent="."]
transform = Transform3D(1, 0, 0, 0, 1, 0, 0, 0, 1, 0, 12, 10)
material_override = ExtResource("1_6s7r2")
size = Vector3(2, 24, 2)

[node name="CSGBox3D27" type="CSGBox3D" parent="."]
transform = Transform3D(1, 0, 0, 0, 1, 0, 0, 0, 1, 1, 1, 11)
material_override = ExtResource("1_6s7r2")
size = Vector3(22, 2, 2)

[node name="CSGBox3D30" type="CSGBox3D" parent="."]
transform = Transform3D(1, 0, 0, 0, 1, 0, 0, 0, 1, 0, 1, -11)
material_override = ExtResource("1_6s7r2")
size = Vector3(20, 2, 2)

[node name="CSGBox3D28" type="CSGBox3D" parent="."]
transform = Transform3D(1, 0, 0, 0, 1, 0, 0, 0, 1, -11, 1, 0)
material_override = ExtResource("1_6s7r2")
size = Vector3(2, 2, 24)

[node name="CSGBox3D29" type="CSGBox3D" parent="."]
transform = Transform3D(1, 0, 0, 0, 1, 0, 0, 0, 1, 11, 1, -1)
material_override = ExtResource("1_6s7r2")
size = Vector3(2, 2, 22)

[node name="CSGBox3D25" type="CSGBox3D" parent="."]
transform = Transform3D(1, 0, 0, 0, 1, 0, 0, 0, 1, 5, 12, 10)
material_override = ExtResource("1_6s7r2")
size = Vector3(2, 24, 2)

[node name="CSGBox3D26" type="CSGBox3D" parent="."]
transform = Transform3D(1, 0, 0, 0, 1, 0, 0, 0, 1, 10, 12, 10)
material_override = ExtResource("1_6s7r2")
size = Vector3(2, 24, 2)
