[gd_scene load_steps=2 format=3 uid="uid://dmc5s7n07wl4n"]

[ext_resource type="Material" uid="uid://bk1jki3qc31vu" path="res://textures/resources/CSG.tres" id="1_gasxp"]

[node name="minitile_2x3_1" type="Node3D"]

[node name="CSGBox3D" type="CSGBox3D" parent="."]
transform = Transform3D(1, 0, 0, 0, 1, 0, 0, 0, 1, 0, -25, 0)
material_override = ExtResource("1_gasxp")
size = Vector3(16, 50, 24)

[node name="CSGBox3D2" type="CSGBox3D" parent="."]
transform = Transform3D(1, 0, 0, 0, 1, 0, 0, 0, 1, -4, 12, 9)
material_override = ExtResource("1_gasxp")
size = Vector3(2, 24, 2)

[node name="CSGBox3D5" type="CSGBox3D" parent="."]
transform = Transform3D(1, 0, 0, 0, 1, 0, 0, 0, 1, -4, 12, 4)
material_override = ExtResource("1_gasxp")
size = Vector3(2, 24, 2)

[node name="CSGBox3D6" type="CSGBox3D" parent="."]
transform = Transform3D(1, 0, 0, 0, 1, 0, 0, 0, 1, -1.5, 21.5, -3.5)
material_override = ExtResource("1_gasxp")
size = Vector3(5, 1, 5)

[node name="CSGBox3D9" type="CSGBox3D" parent="."]
transform = Transform3D(1, 0, 0, 0, 1, 0, 0, 0, 1, 3.5, 12.5, 1.5)
material_override = ExtResource("1_gasxp")
size = Vector3(5, 1, 15)

[node name="CSGBox3D17" type="CSGBox3D" parent="."]
transform = Transform3D(1, 0, 0, 0, 1, 0, 0, 0, 1, 0, 1, -9)
material_override = ExtResource("1_gasxp")
size = Vector3(16, 2, 6)

[node name="CSGBox3D18" type="CSGBox3D" parent="."]
transform = Transform3D(1, 0, 0, 0, 1, 0, 0, 0, 1, 0, 1, 10.5)
material_override = ExtResource("1_gasxp")
size = Vector3(16, 2, 3)

[node name="CSGBox3D19" type="CSGBox3D" parent="."]
transform = Transform3D(1, 0, 0, 0, 1, 0, 0, 0, 1, -6, 1, 1.5)
material_override = ExtResource("1_gasxp")
size = Vector3(4, 2, 15)

[node name="CSGBox3D20" type="CSGBox3D" parent="."]
transform = Transform3D(1, 0, 0, 0, 1, 0, 0, 0, 1, 7, 1, 1.5)
material_override = ExtResource("1_gasxp")
size = Vector3(2, 2, 15)

[node name="CSGBox3D10" type="CSGBox3D" parent="."]
transform = Transform3D(1, 0, 0, 0, 1, 0, 0, 0, 1, -1.5, 7.5, 4)
material_override = ExtResource("1_gasxp")
size = Vector3(5, 1, 10)

[node name="CSGBox3D3" type="CSGBox3D" parent="."]
transform = Transform3D(1, 0, 0, 0, 1, 0, 0, 0, 1, 1, 12, 9)
material_override = ExtResource("1_gasxp")
size = Vector3(2, 24, 2)

[node name="CSGBox3D4" type="CSGBox3D" parent="."]
transform = Transform3D(1, 0, 0, 0, 1, 0, 0, 0, 1, 1, 12, 4)
material_override = ExtResource("1_gasxp")
size = Vector3(2, 24, 2)

[node name="CSGBox3D7" type="CSGBox3D" parent="."]
transform = Transform3D(1, 0, 0, 0, 1, 0, 0, 0, 1, -4, 12, -1)
material_override = ExtResource("1_gasxp")
size = Vector3(2, 24, 2)

[node name="CSGBox3D8" type="CSGBox3D" parent="."]
transform = Transform3D(1, 0, 0, 0, 1, 0, 0, 0, 1, 1, 12, -1)
material_override = ExtResource("1_gasxp")
size = Vector3(2, 24, 2)

[node name="CSGBox3D11" type="CSGBox3D" parent="."]
transform = Transform3D(1, 0, 0, 0, 1, 0, 0, 0, 1, -4, 12, -6)
material_override = ExtResource("1_gasxp")
size = Vector3(2, 24, 2)

[node name="CSGBox3D12" type="CSGBox3D" parent="."]
transform = Transform3D(1, 0, 0, 0, 1, 0, 0, 0, 1, 1, 12, -6)
material_override = ExtResource("1_gasxp")
size = Vector3(2, 24, 2)

[node name="CSGBox3D13" type="CSGBox3D" parent="."]
transform = Transform3D(1, 0, 0, 0, 1, 0, 0, 0, 1, 6, 7.5, -6)
material_override = ExtResource("1_gasxp")
size = Vector3(2, 15, 2)

[node name="CSGBox3D14" type="CSGBox3D" parent="."]
transform = Transform3D(1, 0, 0, 0, 1, 0, 0, 0, 1, 6, 7.5, -1)
material_override = ExtResource("1_gasxp")
size = Vector3(2, 15, 2)

[node name="CSGBox3D15" type="CSGBox3D" parent="."]
transform = Transform3D(1, 0, 0, 0, 1, 0, 0, 0, 1, 6, 7.5, 4)
material_override = ExtResource("1_gasxp")
size = Vector3(2, 15, 2)

[node name="CSGBox3D16" type="CSGBox3D" parent="."]
transform = Transform3D(1, 0, 0, 0, 1, 0, 0, 0, 1, 6, 7.5, 9)
material_override = ExtResource("1_gasxp")
size = Vector3(2, 15, 2)
