[gd_scene load_steps=3 format=3 uid="uid://bbfdh85bv6wau"]

[ext_resource type="Material" uid="uid://mdk3mcd5nu4p" path="res://textures/grid.tres" id="1_w0duu"]
[ext_resource type="Material" uid="uid://bk1jki3qc31vu" path="res://textures/resources/CSG.tres" id="1_w0nav"]

[node name="minitile_1x2_1" type="Node3D"]

[node name="CSGBox3D" type="CSGBox3D" parent="."]
transform = Transform3D(1, 0, 0, 0, 1, 0, 0, 0, 1, 0, -25, 0)
size = Vector3(8, 50, 16)
material = ExtResource("1_w0duu")

[node name="CSGBox3D19" type="CSGBox3D" parent="."]
transform = Transform3D(1, 0, 0, 0, 1, 0, 0, 0, 1, 2, 0.5, 5)
size = Vector3(4, 1, 6)
material = ExtResource("1_w0nav")

[node name="CSGBox3D20" type="CSGBox3D" parent="."]
transform = Transform3D(1, 0, 0, 0, 1, 0, 0, 0, 1, 0.5, 1.5, 4.5)
size = Vector3(3, 1, 5)
material = ExtResource("1_w0nav")

[node name="CSGBox3D21" type="CSGBox3D" parent="."]
transform = Transform3D(1, 0, 0, 0, 1, 0, 0, 0, 1, 0, 2.5, 2)
size = Vector3(2, 1, 6)
material = ExtResource("1_w0nav")

[node name="CSGBox3D23" type="CSGBox3D" parent="."]
transform = Transform3D(1, 0, 0, 0, 1, 0, 0, 0, 1, -1, 2.5, -4)
size = Vector3(2, 1, 2)
material = ExtResource("1_w0nav")

[node name="CSGBox3D24" type="CSGBox3D" parent="."]
transform = Transform3D(1, 0, 0, 0, 1, 0, 0, 0, 1, -0.5, 1.5, -4.5)
size = Vector3(3, 1, 3)
material = ExtResource("1_w0nav")

[node name="CSGBox3D25" type="CSGBox3D" parent="."]
transform = Transform3D(1, 0, 0, 0, 1, 0, 0, 0, 1, 0.5, 0.5, -5.5)
size = Vector3(5, 1, 3)
material = ExtResource("1_w0nav")

[node name="CSGBox3D22" type="CSGBox3D" parent="."]
transform = Transform3D(1, 0, 0, 0, 1, 0, 0, 0, 1, -0.5, 4.5, -3.5)
size = Vector3(1, 3, 1)
material = ExtResource("1_w0nav")

[node name="CSGBox3D27" type="CSGBox3D" parent="."]
transform = Transform3D(1, 0, 0, 0, 1, 0, 0, 0, 1, -0.5, 4.5, 0)
size = Vector3(1, 3, 2)
material = ExtResource("1_w0nav")

[node name="CSGBox3D26" type="CSGBox3D" parent="."]
transform = Transform3D(1, 0, 0, 0, 1, 0, 0, 0, 1, -0.5, 6.5, -2)
size = Vector3(1, 1, 4)
material = ExtResource("1_w0nav")

[node name="CSGBox3D29" type="CSGBox3D" parent="."]
transform = Transform3D(1, 0, 0, 0, 1, 0, 0, 0, 1, -1, 0.5, 6.5)
size = Vector3(2, 1, 3)
material = ExtResource("1_w0nav")
