[gd_scene load_steps=2 format=3 uid="uid://bs1nx5t0wu8f7"]

[ext_resource type="Material" uid="uid://bk1jki3qc31vu" path="res://textures/resources/CSG.tres" id="1_orrl4"]

[node name="minitile_2x5_1" type="Node3D"]

[node name="CSGBox3D" type="CSGBox3D" parent="."]
transform = Transform3D(1, 0, 0, 0, 1, 0, 0, 0, 1, 0, -25, 0)
material_override = ExtResource("1_orrl4")
size = Vector3(16, 50, 40)

[node name="CSGBox3D26" type="CSGBox3D" parent="."]
transform = Transform3D(1, 0, 0, 0, 1, 0, 0, 0, 1, 7, 0.5, 17.5)
size = Vector3(2, 1, 5)
material = ExtResource("1_orrl4")

[node name="CSGBox3D25" type="CSGBox3D" parent="."]
transform = Transform3D(1, 0, 0, 0, 1, 0, 0, 0, 1, -1, 3.5, -4)
size = Vector3(4, 1, 8)
material = ExtResource("1_orrl4")

[node name="CSGBox3D28" type="CSGBox3D" parent="."]
transform = Transform3D(1, 0, 0, 0, 1, 0, 0, 0, 1, -1, 2.5, 2.5)
size = Vector3(4, 1, 7)
material = ExtResource("1_orrl4")

[node name="CSGBox3D35" type="CSGBox3D" parent="."]
transform = Transform3D(1, 0, 0, 0, 1, 0, 0, 0, 1, -0.5, 2.5, -10)
size = Vector3(5, 1, 6)
material = ExtResource("1_orrl4")

[node name="CSGBox3D36" type="CSGBox3D" parent="."]
transform = Transform3D(1, 0, 0, 0, 1, 0, 0, 0, 1, -3.5, 2.5, -4)
size = Vector3(1, 1, 6)
material = ExtResource("1_orrl4")

[node name="CSGBox3D29" type="CSGBox3D" parent="."]
transform = Transform3D(1, 0, 0, 0, 1, 0, 0, 0, 1, -1, 1.5, 3.5)
size = Vector3(6, 1, 7)
material = ExtResource("1_orrl4")

[node name="CSGBox3D34" type="CSGBox3D" parent="."]
transform = Transform3D(1, 0, 0, 0, 1, 0, 0, 0, 1, -4, 1.5, -4)
size = Vector3(2, 1, 8)
material = ExtResource("1_orrl4")

[node name="CSGBox3D33" type="CSGBox3D" parent="."]
transform = Transform3D(1, 0, 0, 0, 1, 0, 0, 0, 1, -0.5, 1.5, -11.5)
size = Vector3(7, 1, 7)
material = ExtResource("1_orrl4")

[node name="CSGBox3D30" type="CSGBox3D" parent="."]
transform = Transform3D(1, 0, 0, 0, 1, 0, 0, 0, 1, -0.5, 0.5, 7.5)
size = Vector3(9, 1, 9)
material = ExtResource("1_orrl4")

[node name="CSGBox3D32" type="CSGBox3D" parent="."]
transform = Transform3D(1, 0, 0, 0, 1, 0, 0, 0, 1, -4.5, 0.5, -3)
size = Vector3(3, 1, 12)
material = ExtResource("1_orrl4")

[node name="CSGBox3D31" type="CSGBox3D" parent="."]
transform = Transform3D(1, 0, 0, 0, 1, 0, 0, 0, 1, -0.5, 0.5, -13.5)
size = Vector3(9, 1, 9)
material = ExtResource("1_orrl4")
