[gd_scene load_steps=2 format=3 uid="uid://dvv1454bv6jat"]

[ext_resource type="Material" uid="uid://bk1jki3qc31vu" path="res://textures/resources/CSG.tres" id="1_xgacg"]

[node name="minitile_1x3_1" type="Node3D"]

[node name="CSGBox3D" type="CSGBox3D" parent="."]
transform = Transform3D(1, 0, 0, 0, 1, 0, 0, 0, 1, 0, -25, 0)
size = Vector3(8, 50, 24)
material = ExtResource("1_xgacg")

[node name="CSGBox3D2" type="CSGBox3D" parent="."]
transform = Transform3D(1, 0, 0, 0, 1, 0, 0, 0, 1, -3.5, 4, 8)
material_override = ExtResource("1_xgacg")
size = Vector3(1, 8, 8)

[node name="CSGBox3D3" type="CSGBox3D" parent="."]
transform = Transform3D(1, 0, 0, 0, 1, 0, 0, 0, 1, 3.5, 4, 8)
material_override = ExtResource("1_xgacg")
size = Vector3(1, 8, 8)

[node name="CSGBox3D4" type="CSGBox3D" parent="."]
transform = Transform3D(1, 0, 0, 0, 1, 0, 0, 0, 1, 0, 7.5, 8)
material_override = ExtResource("1_xgacg")
size = Vector3(6, 1, 8)

[node name="CSGBox3D5" type="CSGBox3D" parent="."]
transform = Transform3D(1, 0, 0, 0, 1, 0, 0, 0, 1, -1.5, 6, 8)
material_override = ExtResource("1_xgacg")
size = Vector3(1, 2, 8)

[node name="CSGBox3D6" type="CSGBox3D" parent="."]
transform = Transform3D(1, 0, 0, 0, 1, 0, 0, 0, 1, 1, 6.5, 8)
material_override = ExtResource("1_xgacg")
size = Vector3(2, 1, 8)

[node name="CSGBox3D10" type="CSGBox3D" parent="."]
transform = Transform3D(1, 0, 0, 0, 1, 0, 0, 0, 1, 0.5, 5.5, 8)
material_override = ExtResource("1_xgacg")
size = Vector3(1, 1, 8)

[node name="CSGBox3D7" type="CSGBox3D" parent="."]
transform = Transform3D(1, 0, 0, 0, 1, 0, 0, 0, 1, 2.5, 4, 8)
material_override = ExtResource("1_xgacg")
size = Vector3(1, 2, 8)

[node name="CSGBox3D8" type="CSGBox3D" parent="."]
transform = Transform3D(1, 0, 0, 0, 1, 0, 0, 0, 1, -1, 3.5, 8)
material_override = ExtResource("1_xgacg")
size = Vector3(4, 1, 8)

[node name="CSGBox3D14" type="CSGBox3D" parent="."]
transform = Transform3D(1, 0, 0, 0, 1, 0, 0, 0, 1, -1, 4.5, -8)
material_override = ExtResource("1_xgacg")
size = Vector3(4, 1, 8)

[node name="CSGBox3D15" type="CSGBox3D" parent="."]
transform = Transform3D(1, 0, 0, 0, 1, 1.74533e-05, 0, -1.74533e-05, 1, -2.5, 6, -8.00003)
material_override = ExtResource("1_xgacg")
size = Vector3(1, 2, 8)

[node name="CSGBox3D16" type="CSGBox3D" parent="."]
transform = Transform3D(1, 0, 0, 0, 1, 1.74533e-05, 0, -1.74533e-05, 1, -0.5, 6, -8.00003)
material_override = ExtResource("1_xgacg")
size = Vector3(1, 2, 8)

[node name="CSGBox3D17" type="CSGBox3D" parent="."]
transform = Transform3D(1, 0, 0, 0, 1, 1.74533e-05, 0, -1.74533e-05, 1, 2.5, 6, -8.00003)
material_override = ExtResource("1_xgacg")
size = Vector3(1, 2, 8)

[node name="CSGBox3D18" type="CSGBox3D" parent="."]
transform = Transform3D(1, 0, 0, 0, 1, 1.74533e-05, 0, -1.74533e-05, 1, 1.5, 4.5, -8)
material_override = ExtResource("1_xgacg")
size = Vector3(1, 3, 8)

[node name="CSGBox3D19" type="CSGBox3D" parent="."]
transform = Transform3D(1, 0, 0, 0, 1, 1.74533e-05, 0, -1.74533e-05, 1, 0, 2.5, -7.99997)
material_override = ExtResource("1_xgacg")
size = Vector3(6, 1, 8)

[node name="CSGBox3D20" type="CSGBox3D" parent="."]
transform = Transform3D(1, 0, 0, 0, 1, 0, 0, 0, 1, -0.5, 1.5, -8)
material_override = ExtResource("1_xgacg")
size = Vector3(1, 1, 8)

[node name="CSGBox3D21" type="CSGBox3D" parent="."]
transform = Transform3D(1, 0, 0, 0, 1, 1.74533e-05, 0, -1.74533e-05, 1, 0, 0.5, -7.99994)
material_override = ExtResource("1_xgacg")
size = Vector3(4, 1, 8)

[node name="CSGBox3D9" type="CSGBox3D" parent="."]
transform = Transform3D(1, 0, 0, 0, 1, 0, 0, 0, 1, 1.5, 1.5, 8)
material_override = ExtResource("1_xgacg")
size = Vector3(3, 1, 8)

[node name="CSGBox3D11" type="CSGBox3D" parent="."]
transform = Transform3D(1, 0, 0, 0, 1, 0, 0, 0, 1, -2, 1.5, 8)
material_override = ExtResource("1_xgacg")
size = Vector3(2, 1, 8)

[node name="CSGBox3D12" type="CSGBox3D" parent="."]
transform = Transform3D(1, 0, 0, 0, 1, 0, 0, 0, 1, -2.5, 0.5, 8)
material_override = ExtResource("1_xgacg")
size = Vector3(1, 1, 8)

[node name="CSGBox3D13" type="CSGBox3D" parent="."]
transform = Transform3D(1, 0, 0, 0, 1, 0, 0, 0, 1, 2.5, 0.5, 8)
material_override = ExtResource("1_xgacg")
size = Vector3(1, 1, 8)
