[gd_scene load_steps=2 format=3 uid="uid://conjkp6apcyc1"]

[ext_resource type="Material" uid="uid://bk1jki3qc31vu" path="res://textures/resources/CSG.tres" id="1_iwnw3"]

[node name="minitile_2x5_1" type="Node3D"]

[node name="CSGBox3D" type="CSGBox3D" parent="."]
transform = Transform3D(1, 0, 0, 0, 1, 0, 0, 0, 1, 0, -25, 0)
material_override = ExtResource("1_iwnw3")
size = Vector3(16, 50, 40)

[node name="CSGBox3D15" type="CSGBox3D" parent="."]
transform = Transform3D(1, 0, 0, 0, 1, 0, 0, 0, 1, -2.5, 6.5, 11)
material_override = ExtResource("1_iwnw3")
size = Vector3(1, 1, 16)

[node name="CSGBox3D16" type="CSGBox3D" parent="."]
transform = Transform3D(1, 0, 0, 0, 1, 0, 0, 0, 1, -1.5, 5.5, 11)
material_override = ExtResource("1_iwnw3")
size = Vector3(3, 1, 16)

[node name="CSGBox3D18" type="CSGBox3D" parent="."]
transform = Transform3D(1, 0, 0, 0, 1, 0, 0, 0, 1, -0.5, 4.5, 11)
material_override = ExtResource("1_iwnw3")
size = Vector3(1, 1, 16)

[node name="CSGBox3D19" type="CSGBox3D" parent="."]
transform = Transform3D(1, 0, 0, 0, 1, 0, 0, 0, 1, 2, 4.5, 11)
material_override = ExtResource("1_iwnw3")
size = Vector3(2, 1, 16)

[node name="CSGBox3D20" type="CSGBox3D" parent="."]
transform = Transform3D(1, 0, 0, 0, 1, 0, 0, 0, 1, 0.5, 3.5, 11)
material_override = ExtResource("1_iwnw3")
size = Vector3(3, 1, 16)

[node name="CSGBox3D21" type="CSGBox3D" parent="."]
transform = Transform3D(1, 0, 0, 0, 1, 0, 0, 0, 1, -2.5, 3.5, 11)
material_override = ExtResource("1_iwnw3")
size = Vector3(1, 1, 16)

[node name="CSGBox3D25" type="CSGBox3D" parent="."]
transform = Transform3D(1, 0, 0, 0, 1, 0, 0, 0, 1, -3.5, 4, -4)
material_override = ExtResource("1_iwnw3")
size = Vector3(1, 8, 8)

[node name="CSGBox3D26" type="CSGBox3D" parent="."]
transform = Transform3D(1, 0, 0, 0, 1, 0, 0, 0, 1, 3.5, 4, -4)
material_override = ExtResource("1_iwnw3")
size = Vector3(1, 8, 8)

[node name="CSGBox3D28" type="CSGBox3D" parent="."]
transform = Transform3D(1, 0, 0, 0, 1, 0, 0, 0, 1, 2.5, 6, -4)
material_override = ExtResource("1_iwnw3")
size = Vector3(1, 2, 8)

[node name="CSGBox3D30" type="CSGBox3D" parent="."]
transform = Transform3D(1, 0, 0, 0, 1, 0, 0, 0, 1, 1, 5.5, -4)
material_override = ExtResource("1_iwnw3")
size = Vector3(2, 1, 8)

[node name="CSGBox3D31" type="CSGBox3D" parent="."]
transform = Transform3D(1, 0, 0, 0, 1, 0, 0, 0, 1, 0.5, 4.5, -4)
material_override = ExtResource("1_iwnw3")
size = Vector3(1, 1, 8)

[node name="CSGBox3D34" type="CSGBox3D" parent="."]
transform = Transform3D(1, 0, 0, 0, 1, 0, 0, 0, 1, 1.5, 2.5, -4)
material_override = ExtResource("1_iwnw3")
size = Vector3(3, 1, 8)

[node name="CSGBox3D36" type="CSGBox3D" parent="."]
transform = Transform3D(1, 0, 0, 0, 1, 0, 0, 0, 1, 1.5, 0.5, -4)
material_override = ExtResource("1_iwnw3")
size = Vector3(3, 1, 8)

[node name="CSGBox3D37" type="CSGBox3D" parent="."]
transform = Transform3D(1, 0, 0, 0, 1, 0, 0, 0, 1, -2, 1.5, -4)
material_override = ExtResource("1_iwnw3")
size = Vector3(2, 1, 8)

[node name="CSGBox3D35" type="CSGBox3D" parent="."]
transform = Transform3D(1, 0, 0, 0, 1, 0, 0, 0, 1, 2.5, 3.5, -4)
material_override = ExtResource("1_iwnw3")
size = Vector3(1, 1, 8)

[node name="CSGBox3D32" type="CSGBox3D" parent="."]
transform = Transform3D(1, 0, 0, 0, 1, 0, 0, 0, 1, -2, 4.5, -4)
material_override = ExtResource("1_iwnw3")
size = Vector3(2, 1, 8)

[node name="CSGBox3D33" type="CSGBox3D" parent="."]
transform = Transform3D(1, 0, 0, 0, 1, 0, 0, 0, 1, -1.5, 3.5, -4)
material_override = ExtResource("1_iwnw3")
size = Vector3(1, 1, 8)

[node name="CSGBox3D29" type="CSGBox3D" parent="."]
transform = Transform3D(1, 0, 0, 0, 1, 0, 0, 0, 1, -1.5, 6.5, -4)
material_override = ExtResource("1_iwnw3")
size = Vector3(1, 1, 8)

[node name="CSGBox3D27" type="CSGBox3D" parent="."]
transform = Transform3D(1, 0, 0, 0, 1, 0, 0, 0, 1, 0, 7.5, -4)
material_override = ExtResource("1_iwnw3")
size = Vector3(6, 1, 8)

[node name="CSGBox3D22" type="CSGBox3D" parent="."]
transform = Transform3D(1, 0, 0, 0, 1, 0, 0, 0, 1, -1.5, 2.5, 11)
material_override = ExtResource("1_iwnw3")
size = Vector3(3, 1, 16)

[node name="CSGBox3D23" type="CSGBox3D" parent="."]
transform = Transform3D(1, 0, 0, 0, 1, 0, 0, 0, 1, 1, 1.5, 11)
material_override = ExtResource("1_iwnw3")
size = Vector3(4, 1, 16)

[node name="CSGBox3D24" type="CSGBox3D" parent="."]
transform = Transform3D(1, 0, 0, 0, 1, 0, 0, 0, 1, -1.5, 0.5, 11)
material_override = ExtResource("1_iwnw3")
size = Vector3(3, 1, 16)

[node name="CSGBox3D17" type="CSGBox3D" parent="."]
transform = Transform3D(1, 0, 0, 0, 1, 0, 0, 0, 1, 0.5, 6.5, 11)
material_override = ExtResource("1_iwnw3")
size = Vector3(3, 1, 16)
