[gd_scene load_steps=2 format=3 uid="uid://vgqx6dny3med"]

[ext_resource type="Material" uid="uid://bk1jki3qc31vu" path="res://textures/resources/CSG.tres" id="1_pmfew"]

[node name="minitile_1x3_1" type="Node3D"]

[node name="CSGBox3D" type="CSGBox3D" parent="."]
transform = Transform3D(1, 0, 0, 0, 1, 0, 0, 0, 1, 0, -25, 0)
material_override = ExtResource("1_pmfew")
size = Vector3(8, 50, 24)

[node name="CSGBox3D28" type="CSGBox3D" parent="."]
transform = Transform3D(1, 0, 0, 0, 1, 0, 0, 0, 1, 1.5, 2, 0)
material_override = ExtResource("1_pmfew")
size = Vector3(1, 4, 4)

[node name="CSGBox3D31" type="CSGBox3D" parent="."]
transform = Transform3D(1, 0, 0, 0, 1, 0, 0, 0, 1, -1.5, 2, 0)
material_override = ExtResource("1_pmfew")
size = Vector3(1, 4, 4)

[node name="CSGBox3D29" type="CSGBox3D" parent="."]
transform = Transform3D(1, 0, 0, 0, 1, 0, 0, 0, 1, 1.5, 12, 0)
material_override = ExtResource("1_pmfew")
size = Vector3(1, 4, 4)

[node name="CSGBox3D30" type="CSGBox3D" parent="."]
transform = Transform3D(1, 0, 0, 0, 1, 0, 0, 0, 1, 0, 12, -1.5)
material_override = ExtResource("1_pmfew")
size = Vector3(2, 4, 1)

[node name="CSGBox3D32" type="CSGBox3D" parent="."]
transform = Transform3D(1, 0, 0, 0, 1, 0, 0, 0, 1, -1.5, 12, 0)
material_override = ExtResource("1_pmfew")
size = Vector3(1, 4, 4)

[node name="CSGBox3D49" type="CSGBox3D" parent="."]
transform = Transform3D(1, 0, 0, 0, 1, 0, 0, 0, 1, -1.5, 4.5, -6.5)
material_override = ExtResource("1_pmfew")
size = Vector3(5, 1, 11)

[node name="CSGBox3D50" type="CSGBox3D" parent="."]
transform = Transform3D(1, 0, 0, 0, 1, 0, 0, 0, 1, 1.5, 4.5, 6.5)
material_override = ExtResource("1_pmfew")
size = Vector3(5, 1, 11)

[node name="CSGBox3D51" type="CSGBox3D" parent="."]
transform = Transform3D(1, 0, 0, 0, 1, 0, 0, 0, 1, -2.5, 4.5, 5.5)
material_override = ExtResource("1_pmfew")
size = Vector3(3, 1, 13)

[node name="CSGBox3D52" type="CSGBox3D" parent="."]
transform = Transform3D(1, 0, 0, 0, 1, 0, 0, 0, 1, 2.5, 4.5, -5.5)
material_override = ExtResource("1_pmfew")
size = Vector3(3, 1, 13)

[node name="CSGBox3D36" type="CSGBox3D" parent="."]
transform = Transform3D(1, 0, 0, 0, 1, 0, 0, 0, 1, 1.5, 7, -3.5)
material_override = ExtResource("1_pmfew")
size = Vector3(5, 4, 1)

[node name="CSGBox3D64" type="CSGBox3D" parent="."]
transform = Transform3D(1, 0, 0, 0, 1, 0, 0, 0, 1, 0, 6, -11.5)
material_override = ExtResource("1_pmfew")
size = Vector3(8, 2, 1)

[node name="CSGBox3D37" type="CSGBox3D" parent="."]
transform = Transform3D(1, 0, 0, 0, 1, 0, 0, 0, 1, -1.5, 7, 3.5)
material_override = ExtResource("1_pmfew")
size = Vector3(5, 4, 1)

[node name="CSGBox3D38" type="CSGBox3D" parent="."]
transform = Transform3D(1, 0, 0, 0, 1, 0, 0, 0, 1, 3.5, 7, 1.5)
material_override = ExtResource("1_pmfew")
size = Vector3(1, 4, 5)

[node name="CSGBox3D43" type="CSGBox3D" parent="."]
transform = Transform3D(1, 0, 0, 0, 1, 0, 0, 0, 1, 3.5, 6.5, 7.5)
material_override = ExtResource("1_pmfew")
size = Vector3(1, 3, 5)

[node name="CSGBox3D39" type="CSGBox3D" parent="."]
transform = Transform3D(1, 0, 0, 0, 1, 0, 0, 0, 1, -3.5, 7, -1.5)
material_override = ExtResource("1_pmfew")
size = Vector3(1, 4, 5)

[node name="CSGBox3D41" type="CSGBox3D" parent="."]
transform = Transform3D(1, 0, 0, 0, 1, 0, 0, 0, 1, -3.5, 7, 7.5)
material_override = ExtResource("1_pmfew")
size = Vector3(1, 4, 7)

[node name="CSGBox3D42" type="CSGBox3D" parent="."]
transform = Transform3D(1, 0, 0, 0, 1, 0, 0, 0, 1, 0, 7, 11.5)
material_override = ExtResource("1_pmfew")
size = Vector3(8, 4, 1)

[node name="CSGBox3D45" type="CSGBox3D" parent="."]
transform = Transform3D(1, 0, 0, 0, 1, 0, 0, 0, 1, 0, 9.5, 1.5)
material_override = ExtResource("1_pmfew")
size = Vector3(8, 1, 11)

[node name="CSGBox3D46" type="CSGBox3D" parent="."]
transform = Transform3D(1, 0, 0, 0, 1, 0, 0, 0, 1, 1.5, 9.5, 10.5)
material_override = ExtResource("1_pmfew")
size = Vector3(5, 1, 3)

[node name="CSGBox3D47" type="CSGBox3D" parent="."]
transform = Transform3D(1, 0, 0, 0, 1, 0, 0, 0, 1, -2.5, 9.5, 9.5)
material_override = ExtResource("1_pmfew")
size = Vector3(3, 1, 5)

[node name="CSGBox3D48" type="CSGBox3D" parent="."]
transform = Transform3D(1, 0, 0, 0, 1, 0, 0, 0, 1, 2.5, 9.5, 8)
material_override = ExtResource("1_pmfew")
size = Vector3(3, 1, 2)

[node name="CSGBox3D53" type="CSGBox3D" parent="."]
transform = Transform3D(1, 0, 0, 0, 1, 0, 0, 0, 1, -1.5, 14.5, -2.5)
material_override = ExtResource("1_pmfew")
size = Vector3(5, 1, 3)

[node name="CSGBox3D54" type="CSGBox3D" parent="."]
transform = Transform3D(1, 0, 0, 0, 1, 0, 0, 0, 1, 1.5, 14.5, 2.5)
material_override = ExtResource("1_pmfew")
size = Vector3(5, 1, 3)

[node name="CSGBox3D55" type="CSGBox3D" parent="."]
transform = Transform3D(1, 0, 0, 0, 1, 0, 0, 0, 1, -2.5, 14.5, 1.5)
material_override = ExtResource("1_pmfew")
size = Vector3(3, 1, 5)

[node name="CSGBox3D56" type="CSGBox3D" parent="."]
transform = Transform3D(1, 0, 0, 0, 1, 0, 0, 0, 1, 2.5, 14.5, -1.5)
material_override = ExtResource("1_pmfew")
size = Vector3(3, 1, 5)

[node name="CSGBox3D40" type="CSGBox3D" parent="."]
transform = Transform3D(1, 0, 0, 0, 1, 0, 0, 0, 1, 1.5, 17, -3.5)
material_override = ExtResource("1_pmfew")
size = Vector3(5, 4, 1)

[node name="CSGBox3D44" type="CSGBox3D" parent="."]
transform = Transform3D(1, 0, 0, 0, 1, 0, 0, 0, 1, -1.5, 17, 3.5)
material_override = ExtResource("1_pmfew")
size = Vector3(5, 4, 1)

[node name="CSGBox3D57" type="CSGBox3D" parent="."]
transform = Transform3D(1, 0, 0, 0, 1, 0, 0, 0, 1, 3.5, 17, 1.5)
material_override = ExtResource("1_pmfew")
size = Vector3(1, 4, 5)

[node name="CSGBox3D58" type="CSGBox3D" parent="."]
transform = Transform3D(1, 0, 0, 0, 1, 0, 0, 0, 1, -3.5, 17, -1.5)
material_override = ExtResource("1_pmfew")
size = Vector3(1, 4, 5)

[node name="CSGBox3D59" type="CSGBox3D" parent="."]
transform = Transform3D(1, 0, 0, 0, 1, 0, 0, 0, 1, 0, 20.5, -1.5)
material_override = ExtResource("1_pmfew")
size = Vector3(2, 1, 1)

[node name="CSGBox3D60" type="CSGBox3D" parent="."]
transform = Transform3D(1, 0, 0, 0, 1, 0, 0, 0, 1, -1.5, 19.5, -2.5)
material_override = ExtResource("1_pmfew")
size = Vector3(5, 1, 3)

[node name="CSGBox3D61" type="CSGBox3D" parent="."]
transform = Transform3D(1, 0, 0, 0, 1, 0, 0, 0, 1, 1.5, 19.5, 2.5)
material_override = ExtResource("1_pmfew")
size = Vector3(5, 1, 3)

[node name="CSGBox3D62" type="CSGBox3D" parent="."]
transform = Transform3D(1, 0, 0, 0, 1, 0, 0, 0, 1, -2.5, 19.5, 1.5)
material_override = ExtResource("1_pmfew")
size = Vector3(3, 1, 5)

[node name="CSGBox3D63" type="CSGBox3D" parent="."]
transform = Transform3D(1, 0, 0, 0, 1, 0, 0, 0, 1, 2.5, 19.5, -1.5)
material_override = ExtResource("1_pmfew")
size = Vector3(3, 1, 5)
