[gd_scene load_steps=2 format=3 uid="uid://cheyt0016a337"]

[ext_resource type="Material" uid="uid://bk1jki3qc31vu" path="res://textures/resources/CSG.tres" id="1_1d5ol"]

[node name="minitile_2x3_1" type="Node3D"]

[node name="CSGBox3D" type="CSGBox3D" parent="."]
transform = Transform3D(1, 0, 0, 0, 1, 0, 0, 0, 1, 0, -25, 0)
material_override = ExtResource("1_1d5ol")
size = Vector3(16, 50, 24)

[node name="CSGBox3D2" type="CSGBox3D" parent="."]
transform = Transform3D(1, 0, 0, 0, 1, 0, 0, 0, 1, -3, 2.5, 4.5)
size = Vector3(6, 5, 1)
material = ExtResource("1_1d5ol")

[node name="CSGBox3D3" type="CSGBox3D" parent="."]
transform = Transform3D(1, 0, 0, 0, 1, 0, 0, 0, 1, -4.5, -1, -9.5)
size = Vector3(3, 6, 1)
material = ExtResource("1_1d5ol")

[node name="CSGBox3D4" type="CSGBox3D" parent="."]
transform = Transform3D(1, 0, 0, 0, 1, 0, 0, 0, 1, -5.5, -1, -8.5)
size = Vector3(1, 6, 1)
material = ExtResource("1_1d5ol")

[node name="CSGBox3D7" type="CSGBox3D" parent="."]
transform = Transform3D(1, 0, 0, 0, 1, 0, 0, 0, 1, -5.5, 2.5, 2.5)
size = Vector3(1, 5, 3)
material = ExtResource("1_1d5ol")

[node name="CSGBox3D8" type="CSGBox3D" parent="."]
transform = Transform3D(1, 0, 0, 0, 1, 0, 0, 0, 1, -4.5, 2.5, 0.5)
size = Vector3(3, 5, 1)
material = ExtResource("1_1d5ol")

[node name="CSGBox3D6" type="CSGBox3D" parent="."]
transform = Transform3D(1, 0, 0, 0, 1, 0, 0, 0, 1, -1.5, 2.5, 8.5)
size = Vector3(3, 5, 1)
material = ExtResource("1_1d5ol")

[node name="CSGBox3D15" type="CSGBox3D" parent="."]
transform = Transform3D(1, 0, 0, 0, 1, 0, 0, 0, 1, -0.5, 2.5, 6.5)
size = Vector3(1, 5, 3)
material = ExtResource("1_1d5ol")

[node name="CSGBox3D16" type="CSGBox3D" parent="."]
transform = Transform3D(1, 0, 0, 0, 1, 0, 0, 0, 1, 3, 0.5, 0.5)
size = Vector3(6, 5, 1)
material = ExtResource("1_1d5ol")

[node name="CSGBox3D17" type="CSGBox3D" parent="."]
transform = Transform3D(1, 0, 0, 0, 1, 0, 0, 0, 1, 0.5, 0.5, -1.5)
size = Vector3(1, 5, 3)
material = ExtResource("1_1d5ol")

[node name="CSGBox3D18" type="CSGBox3D" parent="."]
transform = Transform3D(1, 0, 0, 0, 1, 0, 0, 0, 1, 1.5, 0.5, -3.5)
size = Vector3(3, 5, 1)
material = ExtResource("1_1d5ol")

[node name="CSGBox3D19" type="CSGBox3D" parent="."]
transform = Transform3D(1, 0, 0, 0, 1, 0, 0, 0, 1, 4.5, 0.5, 4.5)
size = Vector3(3, 5, 1)
material = ExtResource("1_1d5ol")

[node name="CSGBox3D20" type="CSGBox3D" parent="."]
transform = Transform3D(1, 0, 0, 0, 1, 0, 0, 0, 1, 5.5, 0.5, 2.5)
size = Vector3(1, 5, 3)
material = ExtResource("1_1d5ol")

[node name="CSGBox3D5" type="CSGBox3D" parent="."]
transform = Transform3D(1, 0, 0, 0, 1, 0, 0, 0, 1, -3.5, -1, -8.5)
size = Vector3(1, 6, 1)
material = ExtResource("1_1d5ol")

[node name="CSGBox3D9" type="CSGBox3D" parent="."]
transform = Transform3D(1, 0, 0, 0, 1, 0, 0, 0, 1, 0.5, 0, -9.5)
size = Vector3(3, 6, 1)
material = ExtResource("1_1d5ol")

[node name="CSGBox3D10" type="CSGBox3D" parent="."]
transform = Transform3D(1, 0, 0, 0, 1, 0, 0, 0, 1, -0.5, 0, -8.5)
size = Vector3(1, 6, 1)
material = ExtResource("1_1d5ol")

[node name="CSGBox3D11" type="CSGBox3D" parent="."]
transform = Transform3D(1, 0, 0, 0, 1, 0, 0, 0, 1, 1.5, 0, -8.5)
size = Vector3(1, 6, 1)
material = ExtResource("1_1d5ol")

[node name="CSGBox3D12" type="CSGBox3D" parent="."]
transform = Transform3D(1, 0, 0, 0, 1, 0, 0, 0, 1, 5.5, 1, -9.5)
size = Vector3(3, 6, 1)
material = ExtResource("1_1d5ol")

[node name="CSGBox3D13" type="CSGBox3D" parent="."]
transform = Transform3D(1, 0, 0, 0, 1, 0, 0, 0, 1, 4.5, 1, -8.5)
size = Vector3(1, 6, 1)
material = ExtResource("1_1d5ol")

[node name="CSGBox3D14" type="CSGBox3D" parent="."]
transform = Transform3D(1, 0, 0, 0, 1, 0, 0, 0, 1, 6.5, 1, -8.5)
size = Vector3(1, 6, 1)
material = ExtResource("1_1d5ol")

[node name="CSGBox3D21" type="CSGBox3D" parent="."]
transform = Transform3D(1, 0, 0, 0, 1, 0, 0, 0, 1, 5.5, 1, 9.5)
size = Vector3(3, 6, 1)
material = ExtResource("1_1d5ol")

[node name="CSGBox3D22" type="CSGBox3D" parent="."]
transform = Transform3D(1, 0, 0, 0, 1, 0, 0, 0, 1, 4.5, 1, 8.5)
size = Vector3(1, 6, 1)
material = ExtResource("1_1d5ol")

[node name="CSGBox3D23" type="CSGBox3D" parent="."]
transform = Transform3D(1, 0, 0, 0, 1, 0, 0, 0, 1, 6.5, 1, 8.5)
size = Vector3(1, 6, 1)
material = ExtResource("1_1d5ol")
