[gd_scene load_steps=2 format=3 uid="uid://ctr8gijym46we"]

[ext_resource type="Material" uid="uid://bk1jki3qc31vu" path="res://textures/resources/CSG.tres" id="1_7kj2b"]

[node name="minitile_3x3_1" type="Node3D"]

[node name="CSGBox3D" type="CSGBox3D" parent="."]
transform = Transform3D(1, 0, 0, 0, 1, 0, 0, 0, 1, 0, -25, 0)
material_override = ExtResource("1_7kj2b")
size = Vector3(24, 50, 24)

[node name="CSGBox3D7" type="CSGBox3D" parent="."]
transform = Transform3D(1, 0, 0, 0, 1, 0, 0, 0, 1, -1, 1.5, -8.5)
size = Vector3(4, 5, 1)
material = ExtResource("1_7kj2b")

[node name="CSGBox3D15" type="CSGBox3D" parent="."]
transform = Transform3D(1, 0, 0, 0, 1, 0, 0, 0, 1, 1.5, 1.5, -7)
size = Vector3(1, 5, 4)
material = ExtResource("1_7kj2b")

[node name="CSGBox3D16" type="CSGBox3D" parent="."]
transform = Transform3D(1, 0, 0, 0, 1, 0, 0, 0, 1, -3.5, 1.5, -7)
size = Vector3(1, 5, 4)
material = ExtResource("1_7kj2b")

[node name="CSGBox3D9" type="CSGBox3D" parent="."]
transform = Transform3D(1, 0, 0, 0, 1, 0, 0, 0, 1, 2, -0.5, -4.5)
size = Vector3(4, 5, 1)
material = ExtResource("1_7kj2b")

[node name="CSGBox3D19" type="CSGBox3D" parent="."]
transform = Transform3D(1, 0, 0, 0, 1, 0, 0, 0, 1, 3.5, -0.5, -2.5)
size = Vector3(1, 5, 3)
material = ExtResource("1_7kj2b")

[node name="CSGBox3D20" type="CSGBox3D" parent="."]
transform = Transform3D(1, 0, 0, 0, 1, 0, 0, 0, 1, 0.5, -0.5, -2.5)
size = Vector3(1, 5, 3)
material = ExtResource("1_7kj2b")

[node name="CSGBox3D10" type="CSGBox3D" parent="."]
transform = Transform3D(1, 0, 0, 0, 1, 0, 0, 0, 1, -7, 2.5, 2.5)
size = Vector3(4, 5, 1)
material = ExtResource("1_7kj2b")

[node name="CSGBox3D14" type="CSGBox3D" parent="."]
transform = Transform3D(1, 0, 0, 0, 1, 0, 0, 0, 1, 6, 2.5, 2.5)
size = Vector3(4, 5, 1)
material = ExtResource("1_7kj2b")

[node name="CSGBox3D21" type="CSGBox3D" parent="."]
transform = Transform3D(1, 0, 0, 0, 1, 0, 0, 0, 1, -7, 2.5, 6.5)
size = Vector3(4, 5, 1)
material = ExtResource("1_7kj2b")

[node name="CSGBox3D22" type="CSGBox3D" parent="."]
transform = Transform3D(1, 0, 0, 0, 1, 0, 0, 0, 1, -8.5, 2.5, 4.5)
size = Vector3(1, 5, 3)
material = ExtResource("1_7kj2b")

[node name="CSGBox3D11" type="CSGBox3D" parent="."]
transform = Transform3D(1, 0, 0, 0, 1, 0, 0, 0, 1, -3.5, 0.5, -4.5)
size = Vector3(3, 5, 1)
material = ExtResource("1_7kj2b")

[node name="CSGBox3D23" type="CSGBox3D" parent="."]
transform = Transform3D(1, 0, 0, 0, 1, 0, 0, 0, 1, -2.5, 0, -3.5)
size = Vector3(1, 6, 1)
material = ExtResource("1_7kj2b")

[node name="CSGBox3D24" type="CSGBox3D" parent="."]
transform = Transform3D(1, 0, 0, 0, 1, 0, 0, 0, 1, -4.5, 0, -3.5)
size = Vector3(1, 6, 1)
material = ExtResource("1_7kj2b")

[node name="CSGBox3D12" type="CSGBox3D" parent="."]
transform = Transform3D(1, 0, 0, 0, 1, 0, 0, 0, 1, -4.5, 0.5, 8)
size = Vector3(1, 5, 4)
material = ExtResource("1_7kj2b")

[node name="CSGBox3D25" type="CSGBox3D" parent="."]
transform = Transform3D(1, 0, 0, 0, 1, 0, 0, 0, 1, -3.5, 0, 9.5)
size = Vector3(1, 6, 1)
material = ExtResource("1_7kj2b")

[node name="CSGBox3D26" type="CSGBox3D" parent="."]
transform = Transform3D(1, 0, 0, 0, 1, 0, 0, 0, 1, -3.5, 0, 6.5)
size = Vector3(1, 6, 1)
material = ExtResource("1_7kj2b")

[node name="CSGBox3D27" type="CSGBox3D" parent="."]
transform = Transform3D(1, 0, 0, 0, 1, 0, 0, 0, 1, 6, 2.5, 6.5)
size = Vector3(4, 5, 1)
material = ExtResource("1_7kj2b")

[node name="CSGBox3D28" type="CSGBox3D" parent="."]
transform = Transform3D(1, 0, 0, 0, 1, 0, 0, 0, 1, 7.5, 2.5, 4.5)
size = Vector3(1, 5, 3)
material = ExtResource("1_7kj2b")

[node name="CSGBox3D13" type="CSGBox3D" parent="."]
transform = Transform3D(1, 0, 0, 0, 1, 0, 0, 0, 1, 9.5, 0.5, 8)
size = Vector3(1, 5, 4)
material = ExtResource("1_7kj2b")

[node name="CSGBox3D29" type="CSGBox3D" parent="."]
transform = Transform3D(1, 0, 0, 0, 1, 0, 0, 0, 1, 8.5, 0, 9.5)
size = Vector3(1, 6, 1)
material = ExtResource("1_7kj2b")

[node name="CSGBox3D30" type="CSGBox3D" parent="."]
transform = Transform3D(1, 0, 0, 0, 1, 0, 0, 0, 1, 8.5, 0, 6.5)
size = Vector3(1, 6, 1)
material = ExtResource("1_7kj2b")
