[gd_scene load_steps=2 format=3 uid="uid://blsidgqotmt2"]

[ext_resource type="Material" uid="uid://bk1jki3qc31vu" path="res://textures/resources/CSG.tres" id="1_2u2se"]

[node name="minitile_2x2_1" type="Node3D"]

[node name="CSGBox3D" type="CSGBox3D" parent="."]
transform = Transform3D(1, 0, 0, 0, 1, 0, 0, 0, 1, 0, -25, 0)
material_override = ExtResource("1_2u2se")
size = Vector3(16, 50, 16)

[node name="CSGBox3D6" type="CSGBox3D" parent="."]
transform = Transform3D(1, 0, 0, 0, 1, 0, 0, 0, 1, -6.5, 1.5, -1.5)
size = Vector3(1, 3, 1)
material = ExtResource("1_2u2se")

[node name="CSGBox3D12" type="CSGBox3D" parent="."]
transform = Transform3D(1, 0, 0, 0, 1, 0, 0, 0, 1, 2.5, 2.5, 5)
size = Vector3(1, 5, 2)
material = ExtResource("1_2u2se")

[node name="CSGBox3D7" type="CSGBox3D" parent="."]
transform = Transform3D(1, 0, 0, 0, 1, 0, 0, 0, 1, -6.5, 5, -1.5)
size = Vector3(3, 4, 3)
material = ExtResource("1_2u2se")

[node name="CSGBox3D9" type="CSGBox3D" parent="."]
transform = Transform3D(1, 0, 0, 0, 1, 0, 0, 0, 1, 2.5, 7, 5.5)
size = Vector3(5, 4, 5)
material = ExtResource("1_2u2se")

[node name="CSGBox3D8" type="CSGBox3D" parent="."]
transform = Transform3D(1, 0, 0, 0, 1, 0, 0, 0, 1, -6, 9, -1)
size = Vector3(2, 4, 2)
material = ExtResource("1_2u2se")

[node name="CSGBox3D13" type="CSGBox3D" parent="."]
transform = Transform3D(1, 0, 0, 0, 1, 0, 0, 0, 1, -3.5, 1.5, -6.5)
size = Vector3(1, 3, 1)
material = ExtResource("1_2u2se")

[node name="CSGBox3D14" type="CSGBox3D" parent="."]
transform = Transform3D(1, 0, 0, 0, 1, 0, 0, 0, 1, -3.5, 6, -6.5)
size = Vector3(3, 6, 3)
material = ExtResource("1_2u2se")

[node name="CSGBox3D15" type="CSGBox3D" parent="."]
transform = Transform3D(1, 0, 0, 0, 1, 0, 0, 0, 1, -4, 10.5, -6)
size = Vector3(2, 3, 2)
material = ExtResource("1_2u2se")

[node name="CSGBox3D16" type="CSGBox3D" parent="."]
transform = Transform3D(1, 0, 0, 0, 1, 0, 0, 0, 1, 5.5, 2, -5.5)
size = Vector3(1, 4, 1)
material = ExtResource("1_2u2se")

[node name="CSGBox3D17" type="CSGBox3D" parent="."]
transform = Transform3D(1, 0, 0, 0, 1, 0, 0, 0, 1, 5.5, 7.5, -5.5)
size = Vector3(3, 7, 3)
material = ExtResource("1_2u2se")

[node name="CSGBox3D18" type="CSGBox3D" parent="."]
transform = Transform3D(1, 0, 0, 0, 1, 0, 0, 0, 1, 5, 13, -5)
size = Vector3(2, 4, 2)
material = ExtResource("1_2u2se")

[node name="CSGBox3D19" type="CSGBox3D" parent="."]
transform = Transform3D(1, 0, 0, 0, 1, 0, 0, 0, 1, 4, 1, -1.5)
size = Vector3(2, 4, 1)
material = ExtResource("1_2u2se")

[node name="CSGBox3D20" type="CSGBox3D" parent="."]
transform = Transform3D(1, 0, 0, 0, 1, 0, 0, 0, 1, 4, 5.5, -1.5)
size = Vector3(4, 5, 3)
material = ExtResource("1_2u2se")

[node name="CSGBox3D21" type="CSGBox3D" parent="."]
transform = Transform3D(1, 0, 0, 0, 1, 0, 0, 0, 1, 3, 10, -2)
size = Vector3(2, 4, 2)
material = ExtResource("1_2u2se")

[node name="CSGBox3D11" type="CSGBox3D" parent="."]
transform = Transform3D(1, 0, 0, 0, 1, 0, 0, 0, 1, 2, 13.5, 5)
size = Vector3(2, 9, 2)
material = ExtResource("1_2u2se")

[node name="CSGBox3D22" type="CSGBox3D" parent="."]
transform = Transform3D(1, 0, 0, 0, 1, 0, 0, 0, 1, -4.5, 2.5, 4)
size = Vector3(1, 5, 2)
material = ExtResource("1_2u2se")

[node name="CSGBox3D10" type="CSGBox3D" parent="."]
transform = Transform3D(1, 0, 0, 0, 1, 0, 0, 0, 1, -4, 7, 4.5)
size = Vector3(4, 4, 5)
material = ExtResource("1_2u2se")

[node name="CSGBox3D23" type="CSGBox3D" parent="."]
transform = Transform3D(1, 0, 0, 0, 1, 0, 0, 0, 1, -4, 12.5, 5)
size = Vector3(2, 7, 2)
material = ExtResource("1_2u2se")
