[gd_scene load_steps=2 format=3 uid="uid://dg664fjfx5ty2"]

[ext_resource type="Material" uid="uid://bk1jki3qc31vu" path="res://textures/resources/CSG.tres" id="1_vglle"]

[node name="minitile_1x3_1" type="Node3D"]

[node name="CSGBox3D" type="CSGBox3D" parent="."]
transform = Transform3D(1, 0, 0, 0, 1, 0, 0, 0, 1, 0, -25, 0)
size = Vector3(8, 50, 24)
material = ExtResource("1_vglle")

[node name="CSGBox3D6" type="CSGBox3D" parent="."]
transform = Transform3D(1, 0, 0, 0, 1, 0, 0, 0, 1, 0.5, 1.5, -0.5)
size = Vector3(1, 3, 1)
material = ExtResource("1_vglle")

[node name="CSGBox3D12" type="CSGBox3D" parent="."]
transform = Transform3D(1, 0, 0, 0, 1, 0, 0, 0, 1, -0.5, 1.5, 9.5)
size = Vector3(1, 3, 1)
material = ExtResource("1_vglle")

[node name="CSGBox3D7" type="CSGBox3D" parent="."]
transform = Transform3D(1, 0, 0, 0, 1, 0, 0, 0, 1, 0.5, 5, -0.5)
size = Vector3(3, 4, 3)
material = ExtResource("1_vglle")

[node name="CSGBox3D9" type="CSGBox3D" parent="."]
transform = Transform3D(1, 0, 0, 0, 1, 0, 0, 0, 1, -0.5, 6, 9.5)
size = Vector3(3, 6, 3)
material = ExtResource("1_vglle")

[node name="CSGBox3D8" type="CSGBox3D" parent="."]
transform = Transform3D(1, 0, 0, 0, 1, 0, 0, 0, 1, 1, 8, 0)
size = Vector3(2, 2, 2)
material = ExtResource("1_vglle")

[node name="CSGBox3D16" type="CSGBox3D" parent="."]
transform = Transform3D(1, 0, 0, 0, 1, 0, 0, 0, 1, 1.5, 2, -7.5)
size = Vector3(1, 4, 1)
material = ExtResource("1_vglle")

[node name="CSGBox3D17" type="CSGBox3D" parent="."]
transform = Transform3D(1, 0, 0, 0, 1, 0, 0, 0, 1, 1.5, 5.5, -7.5)
size = Vector3(3, 7, 3)
material = ExtResource("1_vglle")

[node name="CSGBox3D18" type="CSGBox3D" parent="."]
transform = Transform3D(1, 0, 0, 0, 1, 0, 0, 0, 1, 1, 11, -7)
size = Vector3(2, 4, 2)
material = ExtResource("1_vglle")

[node name="CSGBox3D11" type="CSGBox3D" parent="."]
transform = Transform3D(1, 0, 0, 0, 1, 0, 0, 0, 1, -1, 11, 9)
size = Vector3(2, 4, 2)
material = ExtResource("1_vglle")
