[gd_scene load_steps=2 format=3 uid="uid://cwat2dls1traj"]

[ext_resource type="Material" uid="uid://bk1jki3qc31vu" path="res://textures/resources/CSG.tres" id="1_rvaie"]

[node name="minitile_3x4_1" type="Node3D"]

[node name="CSGBox3D" type="CSGBox3D" parent="."]
transform = Transform3D(1, 0, 0, 0, 1, 0, 0, 0, 1, 0, -25, 0)
size = Vector3(24, 50, 32)
material = ExtResource("1_rvaie")

[node name="CSGBox3D16" type="CSGBox3D" parent="."]
transform = Transform3D(1, 0, 0, 0, 1, 0, 0, 0, 1, -7.5, 2.5, 11)
size = Vector3(1, 5, 2)
material = ExtResource("1_rvaie")

[node name="CSGBox3D10" type="CSGBox3D" parent="."]
transform = Transform3D(1, 0, 0, 0, 1, 0, 0, 0, 1, -7.5, 7.5, 11.5)
size = Vector3(5, 5, 5)
material = ExtResource("1_rvaie")

[node name="CSGBox3D24" type="CSGBox3D" parent="."]
transform = Transform3D(1, 0, 0, 0, 1, 0, 0, 0, 1, 4, 1.5, 13)
size = Vector3(2, 3, 2)
material = ExtResource("1_rvaie")

[node name="CSGBox3D25" type="CSGBox3D" parent="."]
transform = Transform3D(1, 0, 0, 0, 1, 0, 0, 0, 1, 4.5, 7, 12.5)
size = Vector3(5, 8, 5)
material = ExtResource("1_rvaie")

[node name="CSGBox3D26" type="CSGBox3D" parent="."]
transform = Transform3D(1, 0, 0, 0, 1, 0, 0, 0, 1, 4.5, 13.5, 13.5)
size = Vector3(3, 5, 3)
material = ExtResource("1_rvaie")

[node name="CSGBox3D20" type="CSGBox3D" parent="."]
transform = Transform3D(1, 0, 0, 0, 1, 0, 0, 0, 1, -8, 11.5, 11)
size = Vector3(2, 3, 4)
material = ExtResource("1_rvaie")

[node name="CSGBox3D22" type="CSGBox3D" parent="."]
transform = Transform3D(1, 0, 0, 0, 1, 0, 0, 0, 1, -2.5, 2.5, -7)
size = Vector3(1, 5, 2)
material = ExtResource("1_rvaie")

[node name="CSGBox3D21" type="CSGBox3D" parent="."]
transform = Transform3D(1, 0, 0, 0, 1, 0, 0, 0, 1, -2, 7, -6.5)
size = Vector3(4, 8, 5)
material = ExtResource("1_rvaie")

[node name="CSGBox3D23" type="CSGBox3D" parent="."]
transform = Transform3D(1, 0, 0, 0, 1, 0, 0, 0, 1, -2, 14.5, -7.5)
size = Vector3(2, 7, 3)
material = ExtResource("1_rvaie")

[node name="CSGBox3D27" type="CSGBox3D" parent="."]
transform = Transform3D(1, 0, 0, 0, 1, 0, 0, 0, 1, 7, 1.5, 0)
size = Vector3(2, 3, 2)
material = ExtResource("1_rvaie")

[node name="CSGBox3D28" type="CSGBox3D" parent="."]
transform = Transform3D(1, 0, 0, 0, 1, 0, 0, 0, 1, 7.5, 7, -0.5)
size = Vector3(5, 8, 5)
material = ExtResource("1_rvaie")

[node name="CSGBox3D29" type="CSGBox3D" parent="."]
transform = Transform3D(1, 0, 0, 0, 1, 0, 0, 0, 1, 6.5, 13.5, 0.5)
size = Vector3(3, 5, 3)
material = ExtResource("1_rvaie")
