[gd_scene load_steps=2 format=3 uid="uid://cqovtcedcy2os"]

[ext_resource type="Material" uid="uid://bk1jki3qc31vu" path="res://textures/resources/CSG.tres" id="1_6xctg"]

[node name="minitile_1x5_1" type="Node3D"]

[node name="CSGBox3D" type="CSGBox3D" parent="."]
transform = Transform3D(1, 0, 0, 0, 1, 0, 0, 0, 1, 0, -25, 0)
material_override = ExtResource("1_6xctg")
size = Vector3(8, 50, 40)

[node name="CSGBox3D2" type="CSGBox3D" parent="."]
transform = Transform3D(1, 0, 0, 0, 1, 0, 0, 0, 1, -2.5, 5.5, -5)
material_override = ExtResource("1_6xctg")
size = Vector3(1, 11, 2)

[node name="CSGBox3D13" type="CSGBox3D" parent="."]
transform = Transform3D(1, 0, 0, 0, 1, 0, 0, 0, 1, 1, 1, 6.5)
material_override = ExtResource("1_6xctg")
size = Vector3(2, 8, 1)

[node name="CSGBox3D14" type="CSGBox3D" parent="."]
transform = Transform3D(1, 0, 0, 0, 1, 0, 0, 0, 1, 1, 1, 16.5)
material_override = ExtResource("1_6xctg")
size = Vector3(2, 8, 1)

[node name="CSGBox3D8" type="CSGBox3D" parent="."]
transform = Transform3D(1, 0, 0, 0, 1, 0, 0, 0, 1, 0, 1.5, -16.5)
material_override = ExtResource("1_6xctg")
size = Vector3(2, 9, 1)

[node name="CSGBox3D5" type="CSGBox3D" parent="."]
transform = Transform3D(1, 0, 0, 0, 1, 0, 0, 0, 1, 2.5, 5.5, -5)
material_override = ExtResource("1_6xctg")
size = Vector3(1, 11, 2)

[node name="CSGBox3D3" type="CSGBox3D" parent="."]
transform = Transform3D(1, 0, 0, 0, 1, 0, 0, 0, 1, 0, 5, -11.5)
material_override = ExtResource("1_6xctg")
size = Vector3(4, 4, 9)

[node name="CSGBox3D4" type="CSGBox3D" parent="."]
transform = Transform3D(1, 0, 0, 0, 1, 0, 0, 0, 1, 0, 3.5, -5)
material_override = ExtResource("1_6xctg")
size = Vector3(4, 7, 4)

[node name="CSGBox3D9" type="CSGBox3D" parent="."]
transform = Transform3D(1, 0, 0, 0, 1, 0, 0, 0, 1, 0, 12, -5)
material_override = ExtResource("1_6xctg")
size = Vector3(4, 4, 4)

[node name="CSGBox3D12" type="CSGBox3D" parent="."]
transform = Transform3D(1, 0, 0, 0, 1, 0, 0, 0, 1, 1, 5, 11.5)
material_override = ExtResource("1_6xctg")
size = Vector3(4, 4, 9)

[node name="CSGBox3D10" type="CSGBox3D" parent="."]
transform = Transform3D(1, 0, 0, 0, 1, 0, 0, 0, 1, 0, 15.5, -5)
material_override = ExtResource("1_6xctg")
size = Vector3(2, 3, 2)
