[gd_scene load_steps=2 format=3 uid="uid://dwrujp2byncbs"]

[ext_resource type="Material" uid="uid://bk1jki3qc31vu" path="res://textures/resources/CSG.tres" id="1_oq7rn"]

[node name="minitile_2x5_1" type="Node3D"]

[node name="CSGBox3D" type="CSGBox3D" parent="."]
transform = Transform3D(1, 0, 0, 0, 1, 0, 0, 0, 1, 0, -25, 0)
material_override = ExtResource("1_oq7rn")
size = Vector3(16, 50, 40)

[node name="CSGBox3D2" type="CSGBox3D" parent="."]
transform = Transform3D(1, 0, 0, 0, 1, 0, 0, 0, 1, 0, 1, -1)
material_override = ExtResource("1_oq7rn")
size = Vector3(16, 2, 6)

[node name="CSGBox3D9" type="CSGBox3D" parent="."]
transform = Transform3D(1, 0, 0, 0, 1, 0, 0, 0, 1, -1, 3, -1)
material_override = ExtResource("1_oq7rn")
size = Vector3(6, 2, 2)

[node name="CSGBox3D13" type="CSGBox3D" parent="."]
transform = Transform3D(1, 0, 0, 0, 1, 0, 0, 0, 1, -2, 3, 7)
material_override = ExtResource("1_oq7rn")
size = Vector3(8, 2, 2)

[node name="CSGBox3D12" type="CSGBox3D" parent="."]
transform = Transform3D(1, 0, 0, 0, 1, 0, 0, 0, 1, 3, 3, 4)
material_override = ExtResource("1_oq7rn")
size = Vector3(2, 2, 12)

[node name="CSGBox3D5" type="CSGBox3D" parent="."]
transform = Transform3D(1, 0, 0, 0, 1, 0, 0, 0, 1, -4, 1, 7)
material_override = ExtResource("1_oq7rn")
size = Vector3(8, 2, 6)

[node name="CSGBox3D6" type="CSGBox3D" parent="."]
transform = Transform3D(1, 0, 0, 0, 1, 0, 0, 0, 1, -1, 1, 15)
material_override = ExtResource("1_oq7rn")
size = Vector3(6, 2, 6)

[node name="CSGBox3D8" type="CSGBox3D" parent="."]
transform = Transform3D(1, 0, 0, 0, 1, 0, 0, 0, 1, -1, 3, 15)
material_override = ExtResource("1_oq7rn")
size = Vector3(2, 2, 2)

[node name="CSGBox3D10" type="CSGBox3D" parent="."]
transform = Transform3D(1, 0, 0, 0, 1, 0, 0, 0, 1, 5, 3, -7.5)
material_override = ExtResource("1_oq7rn")
size = Vector3(2, 2, 15)

[node name="CSGBox3D11" type="CSGBox3D" parent="."]
transform = Transform3D(1, 0, 0, 0, 1, 0, 0, 0, 1, -5, 3, -4.5)
material_override = ExtResource("1_oq7rn")
size = Vector3(2, 2, 9)

[node name="CSGBox3D7" type="CSGBox3D" parent="."]
transform = Transform3D(1, 0, 0, 0, 1, 0, 0, 0, 1, 3, 1, 7)
material_override = ExtResource("1_oq7rn")
size = Vector3(6, 2, 10)

[node name="CSGBox3D3" type="CSGBox3D" parent="."]
transform = Transform3D(1, 0, 0, 0, 1, 0, 0, 0, 1, 5, 1, -10)
material_override = ExtResource("1_oq7rn")
size = Vector3(6, 2, 12)

[node name="CSGBox3D4" type="CSGBox3D" parent="."]
transform = Transform3D(1, 0, 0, 0, 1, 0, 0, 0, 1, -5, 1, -9)
material_override = ExtResource("1_oq7rn")
size = Vector3(6, 2, 10)
