[gd_scene load_steps=2 format=3 uid="uid://2thoxp5hj3sm"]

[ext_resource type="Material" uid="uid://bk1jki3qc31vu" path="res://textures/resources/CSG.tres" id="1_1j7j7"]

[node name="minitile_1x4_1" type="Node3D"]

[node name="CSGBox3D" type="CSGBox3D" parent="."]
transform = Transform3D(1, 0, 0, 0, 1, 0, 0, 0, 1, 0, -25, 0)
size = Vector3(8, 50, 32)
material = ExtResource("1_1j7j7")

[node name="CSGBox3D2" type="CSGBox3D" parent="."]
transform = Transform3D(1, 0, 0, 0, 1, 0, 0, 0, 1, 1, 5.5, 11)
size = Vector3(6, 3, 6)
material = ExtResource("1_1j7j7")

[node name="CSGBox3D5" type="CSGBox3D" parent="."]
transform = Transform3D(1, 0, 0, 0, 1, 0, 0, 0, 1, 3, 2, 13.5)
size = Vector3(2, 4, 1)
material = ExtResource("1_1j7j7")

[node name="CSGBox3D6" type="CSGBox3D" parent="."]
transform = Transform3D(1, 0, 0, 0, 1, 0, 0, 0, 1, -1.5, 2, 13)
size = Vector3(1, 4, 2)
material = ExtResource("1_1j7j7")

[node name="CSGBox3D4" type="CSGBox3D" parent="."]
transform = Transform3D(1, 0, 0, 0, 1, 0, 0, 0, 1, -1, 5.5, -11)
size = Vector3(6, 3, 6)
material = ExtResource("1_1j7j7")

[node name="CSGBox3D8" type="CSGBox3D" parent="."]
transform = Transform3D(1, 0, 0, 0, 1, 0, 0, 0, 1, -3, 2, -13.5)
size = Vector3(2, 4, 1)
material = ExtResource("1_1j7j7")

[node name="CSGBox3D10" type="CSGBox3D" parent="."]
transform = Transform3D(1, 0, 0, 0, 1, 0, 0, 0, 1, -3.5, 2, -9)
size = Vector3(1, 4, 2)
material = ExtResource("1_1j7j7")

[node name="CSGBox3D11" type="CSGBox3D" parent="."]
transform = Transform3D(1, 0, 0, 0, 1, 0, 0, 0, 1, 1.5, 2, -13)
size = Vector3(1, 4, 2)
material = ExtResource("1_1j7j7")

[node name="CSGBox3D12" type="CSGBox3D" parent="."]
transform = Transform3D(1, 0, 0, 0, 1, 0, 0, 0, 1, -1, 5.5, 5)
size = Vector3(6, 3, 6)
material = ExtResource("1_1j7j7")

[node name="CSGBox3D13" type="CSGBox3D" parent="."]
transform = Transform3D(1, 0, 0, 0, 1, 0, 0, 0, 1, -3, 2, 2.5)
size = Vector3(2, 4, 1)
material = ExtResource("1_1j7j7")

[node name="CSGBox3D16" type="CSGBox3D" parent="."]
transform = Transform3D(1, 0, 0, 0, 1, 0, 0, 0, 1, 1.5, 2, 3)
size = Vector3(1, 4, 2)
material = ExtResource("1_1j7j7")

[node name="CSGBox3D17" type="CSGBox3D" parent="."]
transform = Transform3D(1, 0, 0, 0, 1, 0, 0, 0, 1, 1, 5.5, -5)
size = Vector3(6, 3, 6)
material = ExtResource("1_1j7j7")

[node name="CSGBox3D22" type="CSGBox3D" parent="."]
transform = Transform3D(1, 0, 0, 0, 1, 0, 0, 0, 1, 0, 5.5, 0)
size = Vector3(4, 3, 4)
material = ExtResource("1_1j7j7")

[node name="CSGBox3D19" type="CSGBox3D" parent="."]
transform = Transform3D(1, 0, 0, 0, 1, 0, 0, 0, 1, 3, 2, -2.5)
size = Vector3(2, 4, 1)
material = ExtResource("1_1j7j7")

[node name="CSGBox3D21" type="CSGBox3D" parent="."]
transform = Transform3D(1, 0, 0, 0, 1, 0, 0, 0, 1, 3.5, 2, -7)
size = Vector3(1, 4, 2)
material = ExtResource("1_1j7j7")
