[gd_scene load_steps=2 format=3 uid="uid://chgmsb6tlpjh6"]

[ext_resource type="Material" uid="uid://bk1jki3qc31vu" path="res://textures/resources/CSG.tres" id="1_rlt1h"]

[node name="minitile_3x4_1" type="Node3D"]

[node name="CSGBox3D" type="CSGBox3D" parent="."]
transform = Transform3D(1, 0, 0, 0, 1, 0, 0, 0, 1, 0, -25, 0)
size = Vector3(24, 50, 32)
material = ExtResource("1_rlt1h")

[node name="CSGBox3D6" type="CSGBox3D" parent="."]
transform = Transform3D(1, 0, 0, 0, 1, 0, 0, 0, 1, 6.5, 1.5, 4.5)
size = Vector3(3, 3, 3)
material = ExtResource("1_rlt1h")

[node name="CSGBox3D15" type="CSGBox3D" parent="."]
transform = Transform3D(1, 0, 0, 0, 1, 0, 0, 0, 1, 0.5, 1.5, 10.5)
size = Vector3(3, 3, 3)
material = ExtResource("1_rlt1h")

[node name="CSGBox3D16" type="CSGBox3D" parent="."]
transform = Transform3D(1, 0, 0, 0, 1, 0, 0, 0, 1, 3.5, 1.5, 10.5)
size = Vector3(3, 1, 1)
material = ExtResource("1_rlt1h")

[node name="CSGBox3D19" type="CSGBox3D" parent="."]
transform = Transform3D(1, 0, 0, 0, 1, 0, 0, 0, 1, 0.5, 7.5, 4.5)
size = Vector3(3, 3, 3)
material = ExtResource("1_rlt1h")

[node name="CSGBox3D24" type="CSGBox3D" parent="."]
transform = Transform3D(1, 0, 0, 0, 1, 0, 0, 0, 1, 3.5, 7.5, 4.5)
size = Vector3(3, 1, 1)
material = ExtResource("1_rlt1h")

[node name="CSGBox3D22" type="CSGBox3D" parent="."]
transform = Transform3D(1, 0, 0, 0, 1, 0, 0, 0, 1, -5.5, 7.5, -1.5)
size = Vector3(3, 3, 3)
material = ExtResource("1_rlt1h")

[node name="CSGBox3D25" type="CSGBox3D" parent="."]
transform = Transform3D(1, 0, 0, 0, 1, 0, 0, 0, 1, -2.5, 7.5, -1.5)
size = Vector3(3, 1, 1)
material = ExtResource("1_rlt1h")

[node name="CSGBox3D10" type="CSGBox3D" parent="."]
transform = Transform3D(1, 0, 0, 0, 1, 0, 0, 0, 1, 6.5, 7.5, 4.5)
size = Vector3(3, 3, 3)
material = ExtResource("1_rlt1h")

[node name="CSGBox3D20" type="CSGBox3D" parent="."]
transform = Transform3D(1, 0, 0, 0, 1, 0, 0, 0, 1, 0.5, 7.5, 1.5)
size = Vector3(1, 1, 3)
material = ExtResource("1_rlt1h")

[node name="CSGBox3D21" type="CSGBox3D" parent="."]
transform = Transform3D(1, 0, 0, 0, 1, 0, 0, 0, 1, 0.5, 7.5, -1.5)
size = Vector3(3, 3, 3)
material = ExtResource("1_rlt1h")

[node name="CSGBox3D27" type="CSGBox3D" parent="."]
transform = Transform3D(1, 0, 0, 0, 1, 0, 0, 0, 1, -5.5, 7.5, -4.5)
size = Vector3(1, 1, 3)
material = ExtResource("1_rlt1h")

[node name="CSGBox3D28" type="CSGBox3D" parent="."]
transform = Transform3D(1, 0, 0, 0, 1, 0, 0, 0, 1, -5.5, 7.5, -7.5)
size = Vector3(3, 3, 3)
material = ExtResource("1_rlt1h")

[node name="CSGBox3D13" type="CSGBox3D" parent="."]
transform = Transform3D(1, 0, 0, 0, 1, 0, 0, 0, 1, 6.5, 1.5, 10.5)
size = Vector3(3, 3, 3)
material = ExtResource("1_rlt1h")

[node name="CSGBox3D14" type="CSGBox3D" parent="."]
transform = Transform3D(1, 0, 0, 0, 1, 0, 0, 0, 1, 6.5, 4.5, 4.5)
size = Vector3(1, 3, 1)
material = ExtResource("1_rlt1h")

[node name="CSGBox3D7" type="CSGBox3D" parent="."]
transform = Transform3D(1, 0, 0, 0, 1, 0, 0, 0, 1, -5.5, 1.5, -1.5)
size = Vector3(3, 3, 3)
material = ExtResource("1_rlt1h")

[node name="CSGBox3D26" type="CSGBox3D" parent="."]
transform = Transform3D(1, 0, 0, 0, 1, 0, 0, 0, 1, -5.5, 4.5, -1.5)
size = Vector3(1, 3, 1)
material = ExtResource("1_rlt1h")

[node name="CSGBox3D23" type="CSGBox3D" parent="."]
transform = Transform3D(1, 0, 0, 0, 1, 0, 0, 0, 1, 6.5, 1.5, 7.5)
size = Vector3(1, 1, 3)
material = ExtResource("1_rlt1h")

[node name="CSGBox3D17" type="CSGBox3D" parent="."]
transform = Transform3D(1, 0, 0, 0, 1, 0, 0, 0, 1, 0.5, 13.5, -1.5)
size = Vector3(3, 3, 3)
material = ExtResource("1_rlt1h")

[node name="CSGBox3D18" type="CSGBox3D" parent="."]
transform = Transform3D(1, 0, 0, 0, 1, 0, 0, 0, 1, 0.5, 10.5, -1.5)
size = Vector3(1, 3, 1)
material = ExtResource("1_rlt1h")

[node name="CSGBox3D29" type="CSGBox3D" parent="."]
transform = Transform3D(1, 0, 0, 0, 1, 0, 0, 0, 1, -5.5, 1.5, -7.5)
size = Vector3(3, 3, 3)
material = ExtResource("1_rlt1h")

[node name="CSGBox3D30" type="CSGBox3D" parent="."]
transform = Transform3D(1, 0, 0, 0, 1, 0, 0, 0, 1, -5.5, 4.5, -7.5)
size = Vector3(1, 3, 1)
material = ExtResource("1_rlt1h")
