[gd_scene load_steps=2 format=3 uid="uid://hwnrc5sdeoj7"]

[ext_resource type="Material" uid="uid://bk1jki3qc31vu" path="res://textures/resources/CSG.tres" id="1_1wbud"]

[node name="minitile_3x4_1" type="Node3D"]

[node name="CSGBox3D" type="CSGBox3D" parent="."]
transform = Transform3D(1, 0, 0, 0, 1, 0, 0, 0, 1, 0, -25, 0)
size = Vector3(24, 50, 32)
material = ExtResource("1_1wbud")

[node name="CSGBox3D3" type="CSGBox3D" parent="."]
transform = Transform3D(1, 0, 0, 0, 1, 0, 0, 0, 1, 0, 11.5, 4)
size = Vector3(18, 1, 6)
material = ExtResource("1_1wbud")

[node name="CSGBox3D4" type="CSGBox3D" parent="."]
transform = Transform3D(1, 0, 0, 0, 1, 0, 0, 0, 1, -1, 6.5, 4)
size = Vector3(6, 1, 6)
material = ExtResource("1_1wbud")

[node name="CSGBox3D8" type="CSGBox3D" parent="."]
transform = Transform3D(1, 0, 0, 0, 1, 0, 0, 0, 1, -1, 9, 6.5)
size = Vector3(6, 4, 1)
material = ExtResource("1_1wbud")

[node name="CSGBox3D9" type="CSGBox3D" parent="."]
transform = Transform3D(1, 0, 0, 0, 1, 0, 0, 0, 1, -3.5, 9, 1.5)
size = Vector3(1, 4, 1)
material = ExtResource("1_1wbud")

[node name="CSGBox3D16" type="CSGBox3D" parent="."]
transform = Transform3D(1, 0, 0, 0, 1, 0, 0, 0, 1, 1.5, 9, 1.5)
size = Vector3(1, 4, 1)
material = ExtResource("1_1wbud")

[node name="CSGBox3D10" type="CSGBox3D" parent="."]
transform = Transform3D(1, 0, 0, 0, 1, 0, 0, 0, 1, -1, 16.5, -2)
size = Vector3(6, 1, 18)
material = ExtResource("1_1wbud")

[node name="CSGBox3D19" type="CSGBox3D" parent="."]
transform = Transform3D(1, 0, 0, 0, 1, 0, 0, 0, 1, 5.5, 16.5, 4)
size = Vector3(7, 1, 6)
material = ExtResource("1_1wbud")

[node name="CSGBox3D20" type="CSGBox3D" parent="."]
transform = Transform3D(1, 0, 0, 0, 1, 0, 0, 0, 1, -6.5, 16.5, 4)
size = Vector3(5, 1, 6)
material = ExtResource("1_1wbud")

[node name="CSGBox3D14" type="CSGBox3D" parent="."]
transform = Transform3D(1, 0, 0, 0, 1, 0, 0, 0, 1, 8.5, 14, 6.5)
size = Vector3(1, 4, 1)
material = ExtResource("1_1wbud")

[node name="CSGBox3D15" type="CSGBox3D" parent="."]
transform = Transform3D(1, 0, 0, 0, 1, 0, 0, 0, 1, -8.5, 14, 6.5)
size = Vector3(1, 4, 1)
material = ExtResource("1_1wbud")

[node name="CSGBox3D17" type="CSGBox3D" parent="."]
transform = Transform3D(1, 0, 0, 0, 1, 0, 0, 0, 1, -8.5, 14, 1.5)
size = Vector3(1, 4, 1)
material = ExtResource("1_1wbud")

[node name="CSGBox3D18" type="CSGBox3D" parent="."]
transform = Transform3D(1, 0, 0, 0, 1, 0, 0, 0, 1, 8.5, 14, 1.5)
size = Vector3(1, 4, 1)
material = ExtResource("1_1wbud")

[node name="CSGBox3D32" type="CSGBox3D" parent="."]
transform = Transform3D(1, 0, 0, 0, 1, 0, 0, 0, 1, -1, 21.5, -2)
size = Vector3(6, 1, 18)
material = ExtResource("1_1wbud")

[node name="CSGBox3D34" type="CSGBox3D" parent="."]
transform = Transform3D(1, 0, 0, 0, 1, 0, 0, 0, 1, -1, 19, 6.5)
size = Vector3(6, 4, 1)
material = ExtResource("1_1wbud")

[node name="CSGBox3D35" type="CSGBox3D" parent="."]
transform = Transform3D(1, 0, 0, 0, 1, 0, 0, 0, 1, -3.5, 19, -10.5)
size = Vector3(1, 4, 1)
material = ExtResource("1_1wbud")

[node name="CSGBox3D36" type="CSGBox3D" parent="."]
transform = Transform3D(1, 0, 0, 0, 1, 0, 0, 0, 1, 1.5, 19, -10.5)
size = Vector3(1, 4, 1)
material = ExtResource("1_1wbud")

[node name="CSGBox3D11" type="CSGBox3D" parent="."]
transform = Transform3D(1, 0, 0, 0, 1, 0, 0, 0, 1, -1, 2.5, 4)
size = Vector3(2, 3, 2)
material = ExtResource("1_1wbud")

[node name="CSGBox3D13" type="CSGBox3D" parent="."]
transform = Transform3D(1, 0, 0, 0, 1, 0, 0, 0, 1, -1, -1.5, 3.5)
size = Vector3(1, 5, 1)
material = ExtResource("1_1wbud")

[node name="CSGBox3D12" type="CSGBox3D" parent="."]
transform = Transform3D(1, 0, 0, 0, 1, 0, 0, 0, 1, -1, 5, 4)
size = Vector3(4, 2, 4)
material = ExtResource("1_1wbud")

[node name="CSGBox3D6" type="CSGBox3D" parent="."]
transform = Transform3D(1, 0, 0, 0, 1, 0, 0, 0, 1, -1, 11.5, -8)
size = Vector3(6, 1, 6)
material = ExtResource("1_1wbud")

[node name="CSGBox3D7" type="CSGBox3D" parent="."]
transform = Transform3D(1, 0, 0, 0, 1, 0, 0, 0, 1, 1.5, 14, -5.5)
size = Vector3(1, 4, 1)
material = ExtResource("1_1wbud")

[node name="CSGBox3D21" type="CSGBox3D" parent="."]
transform = Transform3D(1, 0, 0, 0, 1, 0, 0, 0, 1, -3.5, 14, -8)
size = Vector3(1, 4, 6)
material = ExtResource("1_1wbud")

[node name="CSGBox3D23" type="CSGBox3D" parent="."]
transform = Transform3D(1, 0, 0, 0, 1, 0, 0, 0, 1, 1.5, 14, -10.5)
size = Vector3(1, 4, 1)
material = ExtResource("1_1wbud")

[node name="CSGBox3D37" type="CSGBox3D" parent="."]
transform = Transform3D(1, 0, 0, 0, 1, 0, 0, 0, 1, -5, 0.5, -11.5)
size = Vector3(6, 1, 1)
material = ExtResource("1_1wbud")

[node name="CSGBox3D38" type="CSGBox3D" parent="."]
transform = Transform3D(1, 0, 0, 0, 1, 0, 0, 0, 1, -1, 0.5, -8.5)
size = Vector3(6, 1, 1)
material = ExtResource("1_1wbud")
