[gd_scene load_steps=2 format=3 uid="uid://dnhycpp2ekc4l"]

[ext_resource type="Material" uid="uid://bk1jki3qc31vu" path="res://textures/resources/CSG.tres" id="1_2uohc"]

[node name="minitile_2x2_1" type="Node3D"]

[node name="CSGBox3D" type="CSGBox3D" parent="."]
transform = Transform3D(1, 0, 0, 0, 1, 0, 0, 0, 1, 0, -25, 0)
material_override = ExtResource("1_2uohc")
size = Vector3(16, 50, 16)

[node name="CSGBox3D3" type="CSGBox3D" parent="."]
transform = Transform3D(1, 0, 0, 0, 1, 0, 0, 0, 1, 0, 11.5, 0)
size = Vector3(6, 1, 12)
material = ExtResource("1_2uohc")

[node name="CSGBox3D4" type="CSGBox3D" parent="."]
transform = Transform3D(1, 0, 0, 0, 1, 0, 0, 0, 1, 0, 6.5, 0)
size = Vector3(12, 1, 6)
material = ExtResource("1_2uohc")

[node name="CSGBox3D15" type="CSGBox3D" parent="."]
transform = Transform3D(1, 0, 0, 0, 1, 0, 0, 0, 1, 4.5, 11.5, 0)
size = Vector3(3, 1, 6)
material = ExtResource("1_2uohc")

[node name="CSGBox3D18" type="CSGBox3D" parent="."]
transform = Transform3D(1, 0, 0, 0, 1, 0, 0, 0, 1, -4.5, 11.5, 0)
size = Vector3(3, 1, 6)
material = ExtResource("1_2uohc")

[node name="CSGBox3D5" type="CSGBox3D" parent="."]
transform = Transform3D(1, 0, 0, 0, 1, 0, 0, 0, 1, 5.5, 9, 2.5)
size = Vector3(1, 4, 1)
material = ExtResource("1_2uohc")

[node name="CSGBox3D6" type="CSGBox3D" parent="."]
transform = Transform3D(1, 0, 0, 0, 1, 0, 0, 0, 1, -5.5, 9, 2.5)
size = Vector3(1, 4, 1)
material = ExtResource("1_2uohc")

[node name="CSGBox3D9" type="CSGBox3D" parent="."]
transform = Transform3D(1, 0, 0, 0, 1, 0, 0, 0, 1, -5.5, 9, -2.5)
size = Vector3(1, 4, 1)
material = ExtResource("1_2uohc")

[node name="CSGBox3D16" type="CSGBox3D" parent="."]
transform = Transform3D(1, 0, 0, 0, 1, 0, 0, 0, 1, 5.5, 9, -2.5)
size = Vector3(1, 4, 1)
material = ExtResource("1_2uohc")

[node name="CSGBox3D7" type="CSGBox3D" parent="."]
transform = Transform3D(1, 0, 0, 0, 1, 0, 0, 0, 1, 0, 16.5, 0)
size = Vector3(6, 1, 12)
material = ExtResource("1_2uohc")

[node name="CSGBox3D8" type="CSGBox3D" parent="."]
transform = Transform3D(1, 0, 0, 0, 1, 0, 0, 0, 1, 2.5, 14, 5.5)
size = Vector3(1, 4, 1)
material = ExtResource("1_2uohc")

[node name="CSGBox3D10" type="CSGBox3D" parent="."]
transform = Transform3D(1, 0, 0, 0, 1, 0, 0, 0, 1, -2.5, 14, 5.5)
size = Vector3(1, 4, 1)
material = ExtResource("1_2uohc")

[node name="CSGBox3D14" type="CSGBox3D" parent="."]
transform = Transform3D(1, 0, 0, 0, 1, 0, 0, 0, 1, -2.5, 14, -5.5)
size = Vector3(1, 4, 1)
material = ExtResource("1_2uohc")

[node name="CSGBox3D17" type="CSGBox3D" parent="."]
transform = Transform3D(1, 0, 0, 0, 1, 0, 0, 0, 1, 2.5, 14, -5.5)
size = Vector3(1, 4, 1)
material = ExtResource("1_2uohc")

[node name="CSGBox3D11" type="CSGBox3D" parent="."]
transform = Transform3D(1, 0, 0, 0, 1, 0, 0, 0, 1, 0, 3, 0)
size = Vector3(2, 2, 2)
material = ExtResource("1_2uohc")

[node name="CSGBox3D13" type="CSGBox3D" parent="."]
transform = Transform3D(1, 0, 0, 0, 1, 0, 0, 0, 1, 0.5, 0, 0.5)
size = Vector3(1, 4, 1)
material = ExtResource("1_2uohc")

[node name="CSGBox3D12" type="CSGBox3D" parent="."]
transform = Transform3D(1, 0, 0, 0, 1, 0, 0, 0, 1, 0, 5, 0)
size = Vector3(4, 2, 4)
material = ExtResource("1_2uohc")
