[gd_scene load_steps=2 format=3 uid="uid://dw5jwl5j86rkg"]

[ext_resource type="Material" uid="uid://bk1jki3qc31vu" path="res://textures/resources/CSG.tres" id="1_q0nm5"]

[node name="minitile_2x4_1" type="Node3D"]

[node name="CSGBox3D" type="CSGBox3D" parent="."]
transform = Transform3D(1, 0, 0, 0, 1, 0, 0, 0, 1, 0, -25, 0)
material_override = ExtResource("1_q0nm5")
size = Vector3(16, 50, 32)

[node name="CSGBox3D36" type="CSGBox3D" parent="."]
transform = Transform3D(1, 0, 0, 0, 1, 0, 0, 0, 1, -1.5, -3, 7.5)
size = Vector3(1, 8, 1)
material = ExtResource("1_q0nm5")

[node name="CSGBox3D37" type="CSGBox3D" parent="."]
transform = Transform3D(1, 0, 0, 0, 1, 0, 0, 0, 1, -1.5, 12, 7.5)
size = Vector3(1, 16, 1)
material = ExtResource("1_q0nm5")

[node name="CSGBox3D40" type="CSGBox3D" parent="."]
transform = Transform3D(1, 0, 0, 0, 1, 0, 0, 0, 1, -1.5, -3, 4.5)
size = Vector3(1, 8, 1)
material = ExtResource("1_q0nm5")

[node name="CSGBox3D41" type="CSGBox3D" parent="."]
transform = Transform3D(1, 0, 0, 0, 1, 0, 0, 0, 1, -1.5, 12, 4.5)
size = Vector3(1, 16, 1)
material = ExtResource("1_q0nm5")

[node name="CSGBox3D38" type="CSGBox3D" parent="."]
transform = Transform3D(1, 0, 0, 0, 1, 0, 0, 0, 1, -4.5, -3, 4.5)
size = Vector3(1, 8, 1)
material = ExtResource("1_q0nm5")

[node name="CSGBox3D39" type="CSGBox3D" parent="."]
transform = Transform3D(1, 0, 0, 0, 1, 0, 0, 0, 1, -4.5, 12, 4.5)
size = Vector3(1, 16, 1)
material = ExtResource("1_q0nm5")

[node name="CSGBox3D42" type="CSGBox3D" parent="."]
transform = Transform3D(1, 0, 0, 0, 1, 0, 0, 0, 1, -5.5, 0, -11.5)
size = Vector3(1, 8, 1)
material = ExtResource("1_q0nm5")

[node name="CSGBox3D43" type="CSGBox3D" parent="."]
transform = Transform3D(1, 0, 0, 0, 1, 0, 0, 0, 1, -5.5, 15, -11.5)
size = Vector3(1, 16, 1)
material = ExtResource("1_q0nm5")

[node name="CSGBox3D44" type="CSGBox3D" parent="."]
transform = Transform3D(1, 0, 0, 0, 1, 0, 0, 0, 1, -2.5, 0, -14.5)
size = Vector3(1, 8, 1)
material = ExtResource("1_q0nm5")

[node name="CSGBox3D45" type="CSGBox3D" parent="."]
transform = Transform3D(1, 0, 0, 0, 1, 0, 0, 0, 1, -2.5, 15, -14.5)
size = Vector3(1, 16, 1)
material = ExtResource("1_q0nm5")

[node name="CSGBox3D46" type="CSGBox3D" parent="."]
transform = Transform3D(1, 0, 0, 0, 1, 0, 0, 0, 1, -5.5, 0, -14.5)
size = Vector3(1, 8, 1)
material = ExtResource("1_q0nm5")

[node name="CSGBox3D47" type="CSGBox3D" parent="."]
transform = Transform3D(1, 0, 0, 0, 1, 0, 0, 0, 1, -5.5, 15, -14.5)
size = Vector3(1, 16, 1)
material = ExtResource("1_q0nm5")

[node name="CSGBox3D48" type="CSGBox3D" parent="."]
transform = Transform3D(1, 0, 0, 0, 1, 0, 0, 0, 1, 6.5, 4, 5.5)
size = Vector3(1, 8, 1)
material = ExtResource("1_q0nm5")

[node name="CSGBox3D49" type="CSGBox3D" parent="."]
transform = Transform3D(1, 0, 0, 0, 1, 0, 0, 0, 1, 6.5, 19, 5.5)
size = Vector3(1, 16, 1)
material = ExtResource("1_q0nm5")

[node name="CSGBox3D50" type="CSGBox3D" parent="."]
transform = Transform3D(1, 0, 0, 0, 1, 0, 0, 0, 1, 6.5, 4, 2.5)
size = Vector3(1, 8, 1)
material = ExtResource("1_q0nm5")

[node name="CSGBox3D51" type="CSGBox3D" parent="."]
transform = Transform3D(1, 0, 0, 0, 1, 0, 0, 0, 1, 6.5, 19, 2.5)
size = Vector3(1, 16, 1)
material = ExtResource("1_q0nm5")

[node name="CSGBox3D52" type="CSGBox3D" parent="."]
transform = Transform3D(1, 0, 0, 0, 1, 0, 0, 0, 1, 3.5, 4, 5.5)
size = Vector3(1, 8, 1)
material = ExtResource("1_q0nm5")

[node name="CSGBox3D53" type="CSGBox3D" parent="."]
transform = Transform3D(1, 0, 0, 0, 1, 0, 0, 0, 1, 3.5, 19, 5.5)
size = Vector3(1, 16, 1)
material = ExtResource("1_q0nm5")

[node name="CSGBox3D54" type="CSGBox3D" parent="."]
transform = Transform3D(1, 0, 0, 0, 1, 0, 0, 0, 1, 5.5, -1, -10.5)
size = Vector3(1, 8, 1)
material = ExtResource("1_q0nm5")

[node name="CSGBox3D55" type="CSGBox3D" parent="."]
transform = Transform3D(1, 0, 0, 0, 1, 0, 0, 0, 1, 5.5, 14, -10.5)
size = Vector3(1, 16, 1)
material = ExtResource("1_q0nm5")

[node name="CSGBox3D56" type="CSGBox3D" parent="."]
transform = Transform3D(1, 0, 0, 0, 1, 0, 0, 0, 1, 2.5, -1, -13.5)
size = Vector3(1, 8, 1)
material = ExtResource("1_q0nm5")

[node name="CSGBox3D57" type="CSGBox3D" parent="."]
transform = Transform3D(1, 0, 0, 0, 1, 0, 0, 0, 1, 2.5, 14, -13.5)
size = Vector3(1, 16, 1)
material = ExtResource("1_q0nm5")

[node name="CSGBox3D58" type="CSGBox3D" parent="."]
transform = Transform3D(1, 0, 0, 0, 1, 0, 0, 0, 1, 2.5, -1, -10.5)
size = Vector3(1, 8, 1)
material = ExtResource("1_q0nm5")

[node name="CSGBox3D59" type="CSGBox3D" parent="."]
transform = Transform3D(1, 0, 0, 0, 1, 0, 0, 0, 1, 2.5, 14, -10.5)
size = Vector3(1, 16, 1)
material = ExtResource("1_q0nm5")

[node name="CSGBox3D60" type="CSGBox3D" parent="."]
transform = Transform3D(1, 0, 0, 0, 1, 0, 0, 0, 1, -2.5, -3, -3.5)
size = Vector3(1, 8, 1)
material = ExtResource("1_q0nm5")

[node name="CSGBox3D61" type="CSGBox3D" parent="."]
transform = Transform3D(1, 0, 0, 0, 1, 0, 0, 0, 1, -2.5, 12, -3.5)
size = Vector3(1, 16, 1)
material = ExtResource("1_q0nm5")

[node name="CSGBox3D62" type="CSGBox3D" parent="."]
transform = Transform3D(1, 0, 0, 0, 1, 0, 0, 0, 1, -2.5, -3, -6.5)
size = Vector3(1, 8, 1)
material = ExtResource("1_q0nm5")

[node name="CSGBox3D63" type="CSGBox3D" parent="."]
transform = Transform3D(1, 0, 0, 0, 1, 0, 0, 0, 1, -2.5, 12, -6.5)
size = Vector3(1, 16, 1)
material = ExtResource("1_q0nm5")

[node name="CSGBox3D64" type="CSGBox3D" parent="."]
transform = Transform3D(1, 0, 0, 0, 1, 0, 0, 0, 1, -5.5, -3, -3.5)
size = Vector3(1, 8, 1)
material = ExtResource("1_q0nm5")

[node name="CSGBox3D65" type="CSGBox3D" parent="."]
transform = Transform3D(1, 0, 0, 0, 1, 0, 0, 0, 1, -5.5, 12, -3.5)
size = Vector3(1, 16, 1)
material = ExtResource("1_q0nm5")

[node name="CSGBox3D66" type="CSGBox3D" parent="."]
transform = Transform3D(1, 0, 0, 0, 1, 0, 0, 0, 1, -3.5, -2, 14.5)
size = Vector3(1, 8, 1)
material = ExtResource("1_q0nm5")

[node name="CSGBox3D67" type="CSGBox3D" parent="."]
transform = Transform3D(1, 0, 0, 0, 1, 0, 0, 0, 1, -3.5, 13, 14.5)
size = Vector3(1, 16, 1)
material = ExtResource("1_q0nm5")

[node name="CSGBox3D68" type="CSGBox3D" parent="."]
transform = Transform3D(1, 0, 0, 0, 1, 0, 0, 0, 1, -3.5, -2, 11.5)
size = Vector3(1, 8, 1)
material = ExtResource("1_q0nm5")

[node name="CSGBox3D69" type="CSGBox3D" parent="."]
transform = Transform3D(1, 0, 0, 0, 1, 0, 0, 0, 1, -3.5, 13, 11.5)
size = Vector3(1, 16, 1)
material = ExtResource("1_q0nm5")

[node name="CSGBox3D70" type="CSGBox3D" parent="."]
transform = Transform3D(1, 0, 0, 0, 1, 0, 0, 0, 1, -6.5, -2, 11.5)
size = Vector3(1, 8, 1)
material = ExtResource("1_q0nm5")

[node name="CSGBox3D71" type="CSGBox3D" parent="."]
transform = Transform3D(1, 0, 0, 0, 1, 0, 0, 0, 1, -6.5, 13, 11.5)
size = Vector3(1, 16, 1)
material = ExtResource("1_q0nm5")

[node name="CSGBox3D72" type="CSGBox3D" parent="."]
transform = Transform3D(1, 0, 0, 0, 1, 0, 0, 0, 1, 6.5, -2, -1.5)
size = Vector3(1, 8, 1)
material = ExtResource("1_q0nm5")

[node name="CSGBox3D73" type="CSGBox3D" parent="."]
transform = Transform3D(1, 0, 0, 0, 1, 0, 0, 0, 1, 6.5, 13, -1.5)
size = Vector3(1, 16, 1)
material = ExtResource("1_q0nm5")

[node name="CSGBox3D74" type="CSGBox3D" parent="."]
transform = Transform3D(1, 0, 0, 0, 1, 0, 0, 0, 1, 3.5, -2, -4.5)
size = Vector3(1, 8, 1)
material = ExtResource("1_q0nm5")

[node name="CSGBox3D75" type="CSGBox3D" parent="."]
transform = Transform3D(1, 0, 0, 0, 1, 0, 0, 0, 1, 3.5, 13, -4.5)
size = Vector3(1, 16, 1)
material = ExtResource("1_q0nm5")

[node name="CSGBox3D76" type="CSGBox3D" parent="."]
transform = Transform3D(1, 0, 0, 0, 1, 0, 0, 0, 1, 3.5, -2, -1.5)
size = Vector3(1, 8, 1)
material = ExtResource("1_q0nm5")

[node name="CSGBox3D77" type="CSGBox3D" parent="."]
transform = Transform3D(1, 0, 0, 0, 1, 0, 0, 0, 1, 3.5, 13, -1.5)
size = Vector3(1, 16, 1)
material = ExtResource("1_q0nm5")

[node name="CSGBox3D78" type="CSGBox3D" parent="."]
transform = Transform3D(1, 0, 0, 0, 1, 0, 0, 0, 1, 2.5, 0, 13.5)
size = Vector3(1, 8, 1)
material = ExtResource("1_q0nm5")

[node name="CSGBox3D79" type="CSGBox3D" parent="."]
transform = Transform3D(1, 0, 0, 0, 1, 0, 0, 0, 1, 2.5, 15, 13.5)
size = Vector3(1, 16, 1)
material = ExtResource("1_q0nm5")

[node name="CSGBox3D80" type="CSGBox3D" parent="."]
transform = Transform3D(1, 0, 0, 0, 1, 0, 0, 0, 1, 5.5, 0, 10.5)
size = Vector3(1, 8, 1)
material = ExtResource("1_q0nm5")

[node name="CSGBox3D81" type="CSGBox3D" parent="."]
transform = Transform3D(1, 0, 0, 0, 1, 0, 0, 0, 1, 5.5, 15, 10.5)
size = Vector3(1, 16, 1)
material = ExtResource("1_q0nm5")

[node name="CSGBox3D82" type="CSGBox3D" parent="."]
transform = Transform3D(1, 0, 0, 0, 1, 0, 0, 0, 1, 2.5, 0, 10.5)
size = Vector3(1, 8, 1)
material = ExtResource("1_q0nm5")

[node name="CSGBox3D83" type="CSGBox3D" parent="."]
transform = Transform3D(1, 0, 0, 0, 1, 0, 0, 0, 1, 2.5, 15, 10.5)
size = Vector3(1, 16, 1)
material = ExtResource("1_q0nm5")
