[gd_scene load_steps=2 format=3 uid="uid://bekw5hq1evi0d"]

[ext_resource type="Material" uid="uid://bk1jki3qc31vu" path="res://textures/resources/CSG.tres" id="1_5rapm"]

[node name="minitile_1x5_1" type="Node3D"]

[node name="CSGBox3D2" type="CSGBox3D" parent="."]
transform = Transform3D(1, 0, 0, 0, 1, 0, 0, 0, 1, 0, 2.5, 0)
size = Vector3(2, 5, 2)
material = ExtResource("1_5rapm")

[node name="CSGBox3D4" type="CSGBox3D" parent="."]
transform = Transform3D(1, 0, 0, 0, 1, 0, 0, 0, 1, -2.5, 6, 0)
size = Vector3(3, 2, 2)
material = ExtResource("1_5rapm")

[node name="CSGBox3D7" type="CSGBox3D" parent="."]
transform = Transform3D(1, 0, 0, 0, 1, 0, 0, 0, 1, 0, 6, 13.5)
size = Vector3(2, 2, 13)
material = ExtResource("1_5rapm")

[node name="CSGBox3D8" type="CSGBox3D" parent="."]
transform = Transform3D(1, 0, 0, 0, 1, 0, 0, 0, 1, -2.5, 6, 8)
size = Vector3(3, 2, 2)
material = ExtResource("1_5rapm")

[node name="CSGBox3D10" type="CSGBox3D" parent="."]
transform = Transform3D(1, 0, 0, 0, 1, 0, 0, 0, 1, 0, 2.5, 16)
size = Vector3(2, 5, 2)
material = ExtResource("1_5rapm")

[node name="CSGBox3D11" type="CSGBox3D" parent="."]
transform = Transform3D(1, 0, 0, 0, 1, 0, 0, 0, 1, 0, 2.5, 8)
size = Vector3(2, 5, 2)
material = ExtResource("1_5rapm")

[node name="CSGBox3D12" type="CSGBox3D" parent="."]
transform = Transform3D(1, 0, 0, 0, 1, 0, 0, 0, 1, -2.5, 6, 16)
size = Vector3(3, 2, 2)
material = ExtResource("1_5rapm")

[node name="CSGBox3D13" type="CSGBox3D" parent="."]
transform = Transform3D(1, 0, 0, 0, 1, 0, 0, 0, 1, 2.5, 6, 16)
size = Vector3(3, 2, 2)
material = ExtResource("1_5rapm")

[node name="CSGBox3D14" type="CSGBox3D" parent="."]
transform = Transform3D(1, 0, 0, 0, 1, 0, 0, 0, 1, 0, 2.5, -16)
size = Vector3(2, 5, 2)
material = ExtResource("1_5rapm")

[node name="CSGBox3D16" type="CSGBox3D" parent="."]
transform = Transform3D(1, 0, 0, 0, 1, 0, 0, 0, 1, 0, 6, -16)
size = Vector3(8, 2, 2)
material = ExtResource("1_5rapm")

[node name="CSGBox3D19" type="CSGBox3D" parent="."]
transform = Transform3D(1, 0, 0, 0, 1, 0, 0, 0, 1, 0, 6, -7)
size = Vector3(2, 2, 16)
material = ExtResource("1_5rapm")

[node name="CSGBox3D20" type="CSGBox3D" parent="."]
transform = Transform3D(1, 0, 0, 0, 1, 0, 0, 0, 1, -2.5, 6, -8)
size = Vector3(3, 2, 2)
material = ExtResource("1_5rapm")

[node name="CSGBox3D21" type="CSGBox3D" parent="."]
transform = Transform3D(1, 0, 0, 0, 1, 0, 0, 0, 1, 2.5, 6, -8)
size = Vector3(3, 2, 2)
material = ExtResource("1_5rapm")

[node name="CSGBox3D22" type="CSGBox3D" parent="."]
transform = Transform3D(1, 0, 0, 0, 1, 0, 0, 0, 1, 2.5, 6, 0)
size = Vector3(3, 2, 2)
material = ExtResource("1_5rapm")

[node name="CSGBox3D3" type="CSGBox3D" parent="."]
transform = Transform3D(1, 0, 0, 0, 1, 0, 0, 0, 1, 0, 9.5, 8)
size = Vector3(2, 5, 2)
material = ExtResource("1_5rapm")

[node name="CSGBox3D5" type="CSGBox3D" parent="."]
transform = Transform3D(1, 0, 0, 0, 1, 0, 0, 0, 1, -2.5, 13, 8)
size = Vector3(3, 2, 2)
material = ExtResource("1_5rapm")

[node name="CSGBox3D15" type="CSGBox3D" parent="."]
transform = Transform3D(1, 0, 0, 0, 1, 0, 0, 0, 1, 0, 9.5, 0)
size = Vector3(2, 5, 2)
material = ExtResource("1_5rapm")

[node name="CSGBox3D17" type="CSGBox3D" parent="."]
transform = Transform3D(1, 0, 0, 0, 1, 0, 0, 0, 1, 0, 13, -8)
size = Vector3(8, 2, 2)
material = ExtResource("1_5rapm")

[node name="CSGBox3D23" type="CSGBox3D" parent="."]
transform = Transform3D(1, 0, 0, 0, 1, 0, 0, 0, 1, 0, 13, 1)
size = Vector3(2, 2, 16)
material = ExtResource("1_5rapm")

[node name="CSGBox3D24" type="CSGBox3D" parent="."]
transform = Transform3D(1, 0, 0, 0, 1, 0, 0, 0, 1, -2.5, 13, 0)
size = Vector3(3, 2, 2)
material = ExtResource("1_5rapm")

[node name="CSGBox3D25" type="CSGBox3D" parent="."]
transform = Transform3D(1, 0, 0, 0, 1, 0, 0, 0, 1, 2.5, 13, 0)
size = Vector3(3, 2, 2)
material = ExtResource("1_5rapm")

[node name="CSGBox3D26" type="CSGBox3D" parent="."]
transform = Transform3D(1, 0, 0, 0, 1, 0, 0, 0, 1, 2.5, 13, 8)
size = Vector3(3, 2, 2)
material = ExtResource("1_5rapm")

[node name="CSGBox3D" type="CSGBox3D" parent="."]
transform = Transform3D(1, 0, 0, 0, 1, 0, 0, 0, 1, 0, -25, 0)
size = Vector3(8, 50, 40)
material = ExtResource("1_5rapm")
