[gd_scene load_steps=2 format=3 uid="uid://sqeyj16wa6ts"]

[ext_resource type="Material" uid="uid://bk1jki3qc31vu" path="res://textures/resources/CSG.tres" id="1_8ajqu"]

[node name="minitile_1x4_1" type="Node3D"]

[node name="CSGBox3D2" type="CSGBox3D" parent="."]
transform = Transform3D(1, 0, 0, 0, 1, 0, 0, 0, 1, 0, 2.5, 4)
size = Vector3(2, 5, 2)
material = ExtResource("1_8ajqu")

[node name="CSGBox3D4" type="CSGBox3D" parent="."]
transform = Transform3D(1, 0, 0, 0, 1, 0, 0, 0, 1, -2.5, 6, 4)
size = Vector3(3, 2, 2)
material = ExtResource("1_8ajqu")

[node name="CSGBox3D5" type="CSGBox3D" parent="."]
transform = Transform3D(1, 0, 0, 0, 1, 0, 0, 0, 1, 2.5, 6, 4)
size = Vector3(3, 2, 2)
material = ExtResource("1_8ajqu")

[node name="CSGBox3D6" type="CSGBox3D" parent="."]
transform = Transform3D(1, 0, 0, 0, 1, 0, 0, 0, 1, 0, 2.5, -4)
size = Vector3(2, 5, 2)
material = ExtResource("1_8ajqu")

[node name="CSGBox3D8" type="CSGBox3D" parent="."]
transform = Transform3D(1, 0, 0, 0, 1, 0, 0, 0, 1, -2.5, 6, -4)
size = Vector3(3, 2, 2)
material = ExtResource("1_8ajqu")

[node name="CSGBox3D9" type="CSGBox3D" parent="."]
transform = Transform3D(1, 0, 0, 0, 1, 0, 0, 0, 1, 2.5, 6, -4)
size = Vector3(3, 2, 2)
material = ExtResource("1_8ajqu")

[node name="CSGBox3D10" type="CSGBox3D" parent="."]
transform = Transform3D(1, 0, 0, 0, 1, 0, 0, 0, 1, 0, 2.5, -12)
size = Vector3(2, 5, 2)
material = ExtResource("1_8ajqu")

[node name="CSGBox3D11" type="CSGBox3D" parent="."]
transform = Transform3D(1, 0, 0, 0, 1, 0, 0, 0, 1, 0, 6, 0)
size = Vector3(2, 2, 32)
material = ExtResource("1_8ajqu")

[node name="CSGBox3D12" type="CSGBox3D" parent="."]
transform = Transform3D(1, 0, 0, 0, 1, 0, 0, 0, 1, -2.5, 6, -12)
size = Vector3(3, 2, 2)
material = ExtResource("1_8ajqu")

[node name="CSGBox3D14" type="CSGBox3D" parent="."]
transform = Transform3D(1, 0, 0, 0, 1, 0, 0, 0, 1, 0, 2.5, 12)
size = Vector3(2, 5, 2)
material = ExtResource("1_8ajqu")

[node name="CSGBox3D17" type="CSGBox3D" parent="."]
transform = Transform3D(1, 0, 0, 0, 1, 0, 0, 0, 1, 2.5, 6, 12)
size = Vector3(3, 2, 2)
material = ExtResource("1_8ajqu")

[node name="CSGBox3D" type="CSGBox3D" parent="."]
transform = Transform3D(1, 0, 0, 0, 1, 0, 0, 0, 1, 0, -25, 0)
size = Vector3(8, 50, 32)
material = ExtResource("1_8ajqu")
