[gd_scene load_steps=2 format=3 uid="uid://b7arn45dutwxh"]

[ext_resource type="Material" uid="uid://bk1jki3qc31vu" path="res://textures/resources/CSG.tres" id="1_n487t"]

[node name="minitile_2x5_1" type="Node3D"]

[node name="CSGBox3D2" type="CSGBox3D" parent="."]
transform = Transform3D(1, 0, 0, 0, 1, 0, 0, 0, 1, 4, 2.5, -16)
size = Vector3(2, 5, 2)
material = ExtResource("1_n487t")

[node name="CSGBox3D3" type="CSGBox3D" parent="."]
transform = Transform3D(1, 0, 0, 0, 1, 0, 0, 0, 1, 4, 6, -16)
size = Vector3(2, 2, 8)
material = ExtResource("1_n487t")

[node name="CSGBox3D5" type="CSGBox3D" parent="."]
transform = Transform3D(1, 0, 0, 0, 1, 0, 0, 0, 1, 6.5, 6, -16)
size = Vector3(3, 2, 2)
material = ExtResource("1_n487t")

[node name="CSGBox3D6" type="CSGBox3D" parent="."]
transform = Transform3D(1, 0, 0, 0, 1, 0, 0, 0, 1, -4, 2.5, -16)
size = Vector3(2, 5, 2)
material = ExtResource("1_n487t")

[node name="CSGBox3D9" type="CSGBox3D" parent="."]
transform = Transform3D(1, 0, 0, 0, 1, 0, 0, 0, 1, -2.5, 6, -16)
size = Vector3(11, 2, 2)
material = ExtResource("1_n487t")

[node name="CSGBox3D10" type="CSGBox3D" parent="."]
transform = Transform3D(1, 0, 0, 0, 1, 0, 0, 0, 1, 4, 2.5, -8)
size = Vector3(2, 5, 2)
material = ExtResource("1_n487t")

[node name="CSGBox3D11" type="CSGBox3D" parent="."]
transform = Transform3D(1, 0, 0, 0, 1, 0, 0, 0, 1, 4, 6, -8)
size = Vector3(2, 2, 8)
material = ExtResource("1_n487t")

[node name="CSGBox3D13" type="CSGBox3D" parent="."]
transform = Transform3D(1, 0, 0, 0, 1, 0, 0, 0, 1, 6.5, 6, -8)
size = Vector3(3, 2, 2)
material = ExtResource("1_n487t")

[node name="CSGBox3D17" type="CSGBox3D" parent="."]
transform = Transform3D(1, 0, 0, 0, 1, 0, 0, 0, 1, 0, 6, -8)
size = Vector3(6, 2, 2)
material = ExtResource("1_n487t")

[node name="CSGBox3D20" type="CSGBox3D" parent="."]
transform = Transform3D(1, 0, 0, 0, 1, 0, 0, 0, 1, 0, 6, 0)
size = Vector3(6, 2, 2)
material = ExtResource("1_n487t")

[node name="CSGBox3D23" type="CSGBox3D" parent="."]
transform = Transform3D(1, 0, 0, 0, 1, 0, 0, 0, 1, 0, 6, 16)
size = Vector3(6, 2, 2)
material = ExtResource("1_n487t")

[node name="CSGBox3D18" type="CSGBox3D" parent="."]
transform = Transform3D(1, 0, 0, 0, 1, 0, 0, 0, 1, 4, 2.5, 0)
size = Vector3(2, 5, 2)
material = ExtResource("1_n487t")

[node name="CSGBox3D19" type="CSGBox3D" parent="."]
transform = Transform3D(1, 0, 0, 0, 1, 0, 0, 0, 1, 4, 6, 0)
size = Vector3(2, 2, 8)
material = ExtResource("1_n487t")

[node name="CSGBox3D21" type="CSGBox3D" parent="."]
transform = Transform3D(1, 0, 0, 0, 1, 0, 0, 0, 1, 6.5, 6, 0)
size = Vector3(3, 2, 2)
material = ExtResource("1_n487t")

[node name="CSGBox3D22" type="CSGBox3D" parent="."]
transform = Transform3D(1, 0, 0, 0, 1, 0, 0, 0, 1, -4, 2.5, 0)
size = Vector3(2, 5, 2)
material = ExtResource("1_n487t")

[node name="CSGBox3D25" type="CSGBox3D" parent="."]
transform = Transform3D(1, 0, 0, 0, 1, 0, 0, 0, 1, -4, 2.5, -8)
size = Vector3(2, 5, 2)
material = ExtResource("1_n487t")

[node name="CSGBox3D24" type="CSGBox3D" parent="."]
transform = Transform3D(1, 0, 0, 0, 1, 0, 0, 0, 1, -6.5, 6, -8)
size = Vector3(3, 2, 2)
material = ExtResource("1_n487t")

[node name="CSGBox3D26" type="CSGBox3D" parent="."]
transform = Transform3D(1, 0, 0, 0, 1, 0, 0, 0, 1, 4, 2.5, 8)
size = Vector3(2, 5, 2)
material = ExtResource("1_n487t")

[node name="CSGBox3D27" type="CSGBox3D" parent="."]
transform = Transform3D(1, 0, 0, 0, 1, 0, 0, 0, 1, 4, 6, 8)
size = Vector3(2, 2, 8)
material = ExtResource("1_n487t")

[node name="CSGBox3D30" type="CSGBox3D" parent="."]
transform = Transform3D(1, 0, 0, 0, 1, 0, 0, 0, 1, -4, 2.5, 8)
size = Vector3(2, 5, 2)
material = ExtResource("1_n487t")

[node name="CSGBox3D31" type="CSGBox3D" parent="."]
transform = Transform3D(1, 0, 0, 0, 1, 0, 0, 0, 1, -4, 6, 2.5)
size = Vector3(2, 2, 35)
material = ExtResource("1_n487t")

[node name="CSGBox3D32" type="CSGBox3D" parent="."]
transform = Transform3D(1, 0, 0, 0, 1, 0, 0, 0, 1, -6.5, 6, 8)
size = Vector3(3, 2, 2)
material = ExtResource("1_n487t")

[node name="CSGBox3D33" type="CSGBox3D" parent="."]
transform = Transform3D(1, 0, 0, 0, 1, 0, 0, 0, 1, 6.5, 6, 8)
size = Vector3(3, 2, 2)
material = ExtResource("1_n487t")

[node name="CSGBox3D34" type="CSGBox3D" parent="."]
transform = Transform3D(1, 0, 0, 0, 1, 0, 0, 0, 1, 4, 2.5, 16)
size = Vector3(2, 5, 2)
material = ExtResource("1_n487t")

[node name="CSGBox3D35" type="CSGBox3D" parent="."]
transform = Transform3D(1, 0, 0, 0, 1, 0, 0, 0, 1, 4, 6, 16)
size = Vector3(2, 2, 8)
material = ExtResource("1_n487t")

[node name="CSGBox3D37" type="CSGBox3D" parent="."]
transform = Transform3D(1, 0, 0, 0, 1, 0, 0, 0, 1, 6.5, 6, 16)
size = Vector3(3, 2, 2)
material = ExtResource("1_n487t")

[node name="CSGBox3D39" type="CSGBox3D" parent="."]
transform = Transform3D(1, 0, 0, 0, 1, 0, 0, 0, 1, -6.5, 6, 16)
size = Vector3(3, 2, 2)
material = ExtResource("1_n487t")

[node name="CSGBox3D38" type="CSGBox3D" parent="."]
transform = Transform3D(1, 0, 0, 0, 1, 0, 0, 0, 1, -4, 2.5, 16)
size = Vector3(2, 5, 2)
material = ExtResource("1_n487t")

[node name="CSGBox3D" type="CSGBox3D" parent="."]
transform = Transform3D(1, 0, 0, 0, 1, 0, 0, 0, 1, 0, -25, 0)
material_override = ExtResource("1_n487t")
size = Vector3(16, 50, 40)
