[gd_scene load_steps=2 format=3 uid="uid://c1h6vc6uyisep"]

[ext_resource type="Material" uid="uid://bk1jki3qc31vu" path="res://textures/resources/CSG.tres" id="1_ksnf2"]

[node name="minitile_1x5_1" type="Node3D"]

[node name="CSGBox3D" type="CSGBox3D" parent="."]
transform = Transform3D(1, 0, 0, 0, 1, 0, 0, 0, 1, 0, -25, 0)
size = Vector3(8, 50, 40)
material = ExtResource("1_ksnf2")

[node name="CSGBox3D2" type="CSGBox3D" parent="."]
transform = Transform3D(1, 0, 0, 0, 1, 0, 0, 0, 1, 0, 3.5, 4.5)
size = Vector3(8, 1, 7)
material = ExtResource("1_ksnf2")

[node name="CSGBox3D3" type="CSGBox3D" parent="."]
transform = Transform3D(1, 0, 0, 0, 1, 0, 0, 0, 1, -3.5, 3.5, 13.5)
size = Vector3(1, 1, 11)
material = ExtResource("1_ksnf2")

[node name="CSGBox3D4" type="CSGBox3D" parent="."]
transform = Transform3D(1, 0, 0, 0, 1, 0, 0, 0, 1, 3.5, 3.5, 13.5)
size = Vector3(1, 1, 11)
material = ExtResource("1_ksnf2")

[node name="CSGBox3D5" type="CSGBox3D" parent="."]
transform = Transform3D(1, 0, 0, 0, 1, 0, 0, 0, 1, 0, 3.5, 19.5)
size = Vector3(8, 1, 1)
material = ExtResource("1_ksnf2")

[node name="CSGBox3D6" type="CSGBox3D" parent="."]
transform = Transform3D(1, 0, 0, 0, 1, 0, 0, 0, 1, -3.5, 3.5, -9)
size = Vector3(1, 1, 20)
material = ExtResource("1_ksnf2")

[node name="CSGBox3D8" type="CSGBox3D" parent="."]
transform = Transform3D(1, 0, 0, 0, 1, 0, 0, 0, 1, 3.5, 3.5, -9)
size = Vector3(1, 1, 20)
material = ExtResource("1_ksnf2")

[node name="CSGBox3D9" type="CSGBox3D" parent="."]
transform = Transform3D(1, 0, 0, 0, 1, 0, 0, 0, 1, 0, 3.5, -19.5)
size = Vector3(8, 1, 1)
material = ExtResource("1_ksnf2")

[node name="CSGBox3D10" type="CSGBox3D" parent="."]
transform = Transform3D(1, 0, 0, 0, 1, 0, 0, 0, 1, 0, 1.5, 5)
size = Vector3(4, 3, 4)
material = ExtResource("1_ksnf2")

[node name="CSGBox3D11" type="CSGBox3D" parent="."]
transform = Transform3D(1, 0, 0, 0, 1, 0, 0, 0, 1, 0.5, 10, 6.5)
size = Vector3(5, 2, 7)
material = ExtResource("1_ksnf2")

[node name="CSGBox3D12" type="CSGBox3D" parent="."]
transform = Transform3D(1, 0, 0, 0, 1, 0, 0, 0, 1, 0, 8, 5)
size = Vector3(2, 8, 2)
material = ExtResource("1_ksnf2")
