[gd_scene load_steps=2 format=3 uid="uid://cwe2m6xk8k2ev"]

[ext_resource type="Material" uid="uid://bk1jki3qc31vu" path="res://textures/resources/CSG.tres" id="1_5s3o4"]

[node name="minitile_2x3_1" type="Node3D"]

[node name="CSGBox3D" type="CSGBox3D" parent="."]
transform = Transform3D(1, 0, 0, 0, 1, 0, 0, 0, 1, 0, -25, 0)
material_override = ExtResource("1_5s3o4")
size = Vector3(16, 50, 24)

[node name="CSGBox3D2" type="CSGBox3D" parent="."]
transform = Transform3D(1, 0, 0, 0, 1, 0, 0, 0, 1, -5, 3, -9)
size = Vector3(6, 2, 6)
material = ExtResource("1_5s3o4")

[node name="CSGBox3D4" type="CSGBox3D" parent="."]
transform = Transform3D(1, 0, 0, 0, 1, 0, 0, 0, 1, -5, 11, -9)
size = Vector3(6, 6, 6)
material = ExtResource("1_5s3o4")

[node name="CSGBox3D3" type="CSGBox3D" parent="."]
transform = Transform3D(1, 0, 0, 0, 1, 0, 0, 0, 1, -5, 4, -9)
size = Vector3(2, 8, 2)
material = ExtResource("1_5s3o4")

[node name="CSGBox3D9" type="CSGBox3D" parent="."]
transform = Transform3D(1, 0, 0, 0, 1, 0, 0, 0, 1, 4, 3, 8)
size = Vector3(6, 2, 6)
material = ExtResource("1_5s3o4")

[node name="CSGBox3D10" type="CSGBox3D" parent="."]
transform = Transform3D(1, 0, 0, 0, 1, 0, 0, 0, 1, 4, 11, 8)
size = Vector3(6, 6, 6)
material = ExtResource("1_5s3o4")

[node name="CSGBox3D11" type="CSGBox3D" parent="."]
transform = Transform3D(1, 0, 0, 0, 1, 0, 0, 0, 1, 4, 4, 8)
size = Vector3(2, 8, 2)
material = ExtResource("1_5s3o4")

[node name="CSGBox3D5" type="CSGBox3D" parent="."]
transform = Transform3D(1, 0, 0, 0, 1, 0, 0, 0, 1, -7.5, 3.5, 2.5)
size = Vector3(1, 1, 17)
material = ExtResource("1_5s3o4")

[node name="CSGBox3D7" type="CSGBox3D" parent="."]
transform = Transform3D(1, 0, 0, 0, 1, 0, 0, 0, 1, 7.5, 3.5, 0)
size = Vector3(1, 1, 22)
material = ExtResource("1_5s3o4")

[node name="CSGBox3D6" type="CSGBox3D" parent="."]
transform = Transform3D(1, 0, 0, 0, 1, 0, 0, 0, 1, 3, 3.5, -11.5)
size = Vector3(10, 1, 1)
material = ExtResource("1_5s3o4")

[node name="CSGBox3D8" type="CSGBox3D" parent="."]
transform = Transform3D(1, 0, 0, 0, 1, 0, 0, 0, 1, 0, 3.5, 11.5)
size = Vector3(16, 1, 1)
material = ExtResource("1_5s3o4")
