[gd_scene load_steps=2 format=3 uid="uid://dus8r87ipiiu2"]

[ext_resource type="Material" uid="uid://bk1jki3qc31vu" path="res://textures/resources/CSG.tres" id="1_bxolm"]

[node name="minitile_3x3_1" type="Node3D"]

[node name="CSGBox3D" type="CSGBox3D" parent="."]
transform = Transform3D(1, 0, 0, 0, 1, 0, 0, 0, 1, 0, -25, 0)
material_override = ExtResource("1_bxolm")
size = Vector3(24, 50, 24)

[node name="CSGBox3D2" type="CSGBox3D" parent="."]
transform = Transform3D(1, 0, 0, 0, 1, 0, 0, 0, 1, -6.5, 2, 6.5)
material_override = ExtResource("1_bxolm")
size = Vector3(1, 4, 1)

[node name="CSGBox3D10" type="CSGBox3D" parent="."]
transform = Transform3D(1, 0, 0, 0, 1, 0, 0, 0, 1, -8.5, 2, -10.5)
material_override = ExtResource("1_bxolm")
size = Vector3(1, 4, 1)

[node name="CSGBox3D15" type="CSGBox3D" parent="."]
transform = Transform3D(1, 0, 0, 0, 1, 0, 0, 0, 1, 9.5, 2, -9.5)
material_override = ExtResource("1_bxolm")
size = Vector3(1, 4, 1)

[node name="CSGBox3D22" type="CSGBox3D" parent="."]
transform = Transform3D(1, 0, 0, 0, 1, 0, 0, 0, 1, -2.5, 2, 6.5)
material_override = ExtResource("1_bxolm")
size = Vector3(1, 4, 1)

[node name="CSGBox3D23" type="CSGBox3D" parent="."]
transform = Transform3D(1, 0, 0, 0, 1, 0, 0, 0, 1, 10.5, 2, 4.5)
material_override = ExtResource("1_bxolm")
size = Vector3(1, 4, 1)

[node name="CSGBox3D24" type="CSGBox3D" parent="."]
transform = Transform3D(1, 0, 0, 0, 1, 0, 0, 0, 1, 10.5, 2, 9.5)
material_override = ExtResource("1_bxolm")
size = Vector3(1, 4, 1)

[node name="CSGBox3D25" type="CSGBox3D" parent="."]
transform = Transform3D(1, 0, 0, 0, 1, 0, 0, 0, 1, 0.5, 2, 10.5)
material_override = ExtResource("1_bxolm")
size = Vector3(1, 4, 1)

[node name="CSGBox3D18" type="CSGBox3D" parent="."]
transform = Transform3D(1, 0, 0, 0, 1, 0, 0, 0, 1, 6.5, 2, -1.5)
material_override = ExtResource("1_bxolm")
size = Vector3(1, 4, 1)

[node name="CSGBox3D3" type="CSGBox3D" parent="."]
transform = Transform3D(1, 0, 0, 0, 1, 0, 0, 0, 1, 4, 2, -10)
material_override = ExtResource("1_bxolm")
size = Vector3(2, 4, 2)

[node name="CSGBox3D9" type="CSGBox3D" parent="."]
transform = Transform3D(1, 0, 0, 0, 1, 0, 0, 0, 1, 10, 2, 1)
material_override = ExtResource("1_bxolm")
size = Vector3(2, 4, 2)

[node name="CSGBox3D26" type="CSGBox3D" parent="."]
transform = Transform3D(1, 0, 0, 0, 1, 0, 0, 0, 1, 1, 2, 2)
material_override = ExtResource("1_bxolm")
size = Vector3(2, 4, 2)

[node name="CSGBox3D7" type="CSGBox3D" parent="."]
transform = Transform3D(1, 0, 0, 0, 1, 0, 0, 0, 1, -4, 2, 10)
material_override = ExtResource("1_bxolm")
size = Vector3(2, 4, 2)

[node name="CSGBox3D21" type="CSGBox3D" parent="."]
transform = Transform3D(1, 0, 0, 0, 1, 0, 0, 0, 1, 2, 2, 7)
material_override = ExtResource("1_bxolm")
size = Vector3(2, 4, 2)

[node name="CSGBox3D19" type="CSGBox3D" parent="."]
transform = Transform3D(1, 0, 0, 0, 1, 0, 0, 0, 1, -8, 2, -2)
material_override = ExtResource("1_bxolm")
size = Vector3(2, 4, 2)

[node name="CSGBox3D4" type="CSGBox3D" parent="."]
transform = Transform3D(1, 0, 0, 0, 1, 0, 0, 0, 1, -8.5, 2, 9.5)
material_override = ExtResource("1_bxolm")
size = Vector3(3, 4, 3)

[node name="CSGBox3D11" type="CSGBox3D" parent="."]
transform = Transform3D(1, 0, 0, 0, 1, 0, 0, 0, 1, -2.5, 2, 2.5)
material_override = ExtResource("1_bxolm")
size = Vector3(3, 4, 3)

[node name="CSGBox3D12" type="CSGBox3D" parent="."]
transform = Transform3D(1, 0, 0, 0, 1, 0, 0, 0, 1, -8.5, 2, 2.5)
material_override = ExtResource("1_bxolm")
size = Vector3(3, 4, 3)

[node name="CSGBox3D8" type="CSGBox3D" parent="."]
transform = Transform3D(1, 0, 0, 0, 1, 0, 0, 0, 1, 3.5, 2, -2.5)
material_override = ExtResource("1_bxolm")
size = Vector3(3, 4, 3)

[node name="CSGBox3D20" type="CSGBox3D" parent="."]
transform = Transform3D(1, 0, 0, 0, 1, 0, 0, 0, 1, 5.5, 2, 2.5)
material_override = ExtResource("1_bxolm")
size = Vector3(3, 4, 3)

[node name="CSGBox3D5" type="CSGBox3D" parent="."]
transform = Transform3D(1, 0, 0, 0, 1, 0, 0, 0, 1, 6, 2, 8)
material_override = ExtResource("1_bxolm")
size = Vector3(4, 4, 4)

[node name="CSGBox3D6" type="CSGBox3D" parent="."]
transform = Transform3D(1, 0, 0, 0, 1, 0, 0, 0, 1, 9.5, 2, -5.5)
material_override = ExtResource("1_bxolm")
size = Vector3(5, 4, 5)

[node name="CSGBox3D13" type="CSGBox3D" parent="."]
transform = Transform3D(1, 0, 0, 0, 1, 0, 0, 0, 1, -4, 2, -10)
material_override = ExtResource("1_bxolm")
size = Vector3(2, 4, 2)

[node name="CSGBox3D14" type="CSGBox3D" parent="."]
transform = Transform3D(1, 0, 0, 0, 1, 0, 0, 0, 1, 0, 2, -9)
material_override = ExtResource("1_bxolm")
size = Vector3(2, 4, 2)

[node name="CSGBox3D16" type="CSGBox3D" parent="."]
transform = Transform3D(1, 0, 0, 0, 1, 0, 0, 0, 1, -9.5, 2, -6.5)
material_override = ExtResource("1_bxolm")
size = Vector3(3, 4, 3)

[node name="CSGBox3D17" type="CSGBox3D" parent="."]
transform = Transform3D(1, 0, 0, 0, 1, 0, 0, 0, 1, -3, 2, -3)
material_override = ExtResource("1_bxolm")
size = Vector3(4, 4, 4)
