[gd_scene load_steps=2 format=3 uid="uid://mvtivua8msdq"]

[ext_resource type="Material" uid="uid://bk1jki3qc31vu" path="res://textures/resources/CSG.tres" id="1_y7e35"]

[node name="minitile_1x5_1" type="Node3D"]

[node name="CSGBox3D" type="CSGBox3D" parent="."]
transform = Transform3D(1, 0, 0, 0, 1, 0, 0, 0, 1, 0, -25, 0)
size = Vector3(8, 50, 40)
material = ExtResource("1_y7e35")

[node name="CSGBox3D2" type="CSGBox3D" parent="."]
transform = Transform3D(1, 0, 0, 0, 1, 0, 0, 0, 1, -2.5, 2, -1.5)
material_override = ExtResource("1_y7e35")
size = Vector3(1, 4, 1)

[node name="CSGBox3D10" type="CSGBox3D" parent="."]
transform = Transform3D(1, 0, 0, 0, 1, 0, 0, 0, 1, 2.5, 2, 3.5)
material_override = ExtResource("1_y7e35")
size = Vector3(1, 4, 1)

[node name="CSGBox3D3" type="CSGBox3D" parent="."]
transform = Transform3D(1, 0, 0, 0, 1, 0, 0, 0, 1, -1, 2, 9)
material_override = ExtResource("1_y7e35")
size = Vector3(2, 4, 2)

[node name="CSGBox3D9" type="CSGBox3D" parent="."]
transform = Transform3D(1, 0, 0, 0, 1, 0, 0, 0, 1, 3, 2, 10)
material_override = ExtResource("1_y7e35")
size = Vector3(2, 4, 2)

[node name="CSGBox3D7" type="CSGBox3D" parent="."]
transform = Transform3D(1, 0, 0, 0, 1, 0, 0, 0, 1, -3, 2, -6)
material_override = ExtResource("1_y7e35")
size = Vector3(2, 4, 2)

[node name="CSGBox3D4" type="CSGBox3D" parent="."]
transform = Transform3D(1, 0, 0, 0, 1, 0, 0, 0, 1, 2.5, 2, -0.5)
material_override = ExtResource("1_y7e35")
size = Vector3(3, 4, 3)

[node name="CSGBox3D11" type="CSGBox3D" parent="."]
transform = Transform3D(1, 0, 0, 0, 1, 0, 0, 0, 1, 0.5, 2, -5.5)
material_override = ExtResource("1_y7e35")
size = Vector3(3, 4, 3)

[node name="CSGBox3D12" type="CSGBox3D" parent="."]
transform = Transform3D(1, 0, 0, 0, 1, 0, 0, 0, 1, -1.5, 2, -10.5)
material_override = ExtResource("1_y7e35")
size = Vector3(3, 4, 3)

[node name="CSGBox3D8" type="CSGBox3D" parent="."]
transform = Transform3D(1, 0, 0, 0, 1, 0, 0, 0, 1, -1.5, 2, 3.5)
material_override = ExtResource("1_y7e35")
size = Vector3(3, 4, 3)

[node name="CSGBox3D5" type="CSGBox3D" parent="."]
transform = Transform3D(1, 0, 0, 0, 1, 0, 0, 0, 1, 0, 2, 16)
material_override = ExtResource("1_y7e35")
size = Vector3(4, 4, 4)

[node name="CSGBox3D6" type="CSGBox3D" parent="."]
transform = Transform3D(1, 0, 0, 0, 1, 0, 0, 0, 1, 0.5, 2, -15.5)
material_override = ExtResource("1_y7e35")
size = Vector3(5, 4, 5)
