[gd_scene load_steps=2 format=3 uid="uid://bcfsgqvl0vr15"]

[ext_resource type="Material" uid="uid://bk1jki3qc31vu" path="res://textures/resources/CSG.tres" id="1_u83qq"]

[node name="minitile_2x3_1" type="Node3D"]

[node name="CSGBox3D" type="CSGBox3D" parent="."]
transform = Transform3D(1, 0, 0, 0, 1, 0, 0, 0, 1, 0, -25, 0)
material_override = ExtResource("1_u83qq")
size = Vector3(16, 50, 24)

[node name="CSGBox3D19" type="CSGBox3D" parent="."]
transform = Transform3D(1, 0, 0, 0, 1, 0, 0, 0, 1, -2.5, -0.5, -7)
size = Vector3(7, 5, 6)
material = ExtResource("1_u83qq")

[node name="CSGBox3D11" type="CSGBox3D" parent="."]
transform = Transform3D(1, 0, 0, 0, 1, 0, 0, 0, 1, -0.5, 2, -2.5)
size = Vector3(9, 4, 9)
material = ExtResource("1_u83qq")

[node name="CSGBox3D12" type="CSGBox3D" parent="."]
transform = Transform3D(1, 0, 0, 0, 1, 0, 0, 0, 1, -5, 1, 5.5)
size = Vector3(6, 2, 9)
material = ExtResource("1_u83qq")

[node name="CSGBox3D18" type="CSGBox3D" parent="."]
transform = Transform3D(1, 0, 0, 0, 1, 0, 0, 0, 1, 2.5, 0.5, -8)
size = Vector3(9, 1, 6)
material = ExtResource("1_u83qq")

[node name="CSGBox3D14" type="CSGBox3D" parent="."]
transform = Transform3D(1, 0, 0, 0, 1, 0, 0, 0, 1, 4, 1, -0.5)
size = Vector3(6, 2, 9)
material = ExtResource("1_u83qq")

[node name="CSGBox3D16" type="CSGBox3D" parent="."]
transform = Transform3D(1, 0, 0, 0, 1, 0, 0, 0, 1, -6, 0.5, -2)
size = Vector3(4, 1, 6)
material = ExtResource("1_u83qq")

[node name="CSGBox3D17" type="CSGBox3D" parent="."]
transform = Transform3D(1, 0, 0, 0, 1, 0, 0, 0, 1, 1, 0.5, 3.5)
size = Vector3(10, 1, 11)
material = ExtResource("1_u83qq")

[node name="CSGBox3D13" type="CSGBox3D" parent="."]
transform = Transform3D(1, 0, 0, 0, 1, 0, 0, 0, 1, -2, 1.5, 2)
size = Vector3(10, 3, 10)
material = ExtResource("1_u83qq")

[node name="CSGBox3D15" type="CSGBox3D" parent="."]
transform = Transform3D(1, 0, 0, 0, 1, 0, 0, 0, 1, 1, 1.5, -4.5)
size = Vector3(10, 3, 9)
material = ExtResource("1_u83qq")
