[gd_scene load_steps=2 format=3 uid="uid://cg3brqcxc4aw3"]

[ext_resource type="Material" uid="uid://bk1jki3qc31vu" path="res://textures/resources/CSG.tres" id="1_c3u85"]

[node name="minitile_3x4_1" type="Node3D"]

[node name="CSGBox3D" type="CSGBox3D" parent="."]
transform = Transform3D(1, 0, 0, 0, 1, 0, 0, 0, 1, 0, -25, 0)
size = Vector3(24, 50, 32)
material = ExtResource("1_c3u85")

[node name="CSGBox3D13" type="CSGBox3D" parent="."]
transform = Transform3D(1, 0, 0, 0, 1, 0, 0, 0, 1, 2, 1.5, -3.5)
size = Vector3(10, 1, 7)
material = ExtResource("1_c3u85")

[node name="CSGBox3D15" type="CSGBox3D" parent="."]
transform = Transform3D(1, 0, 0, 0, 1, 0, 0, 0, 1, 0, 2.5, -0.5)
size = Vector3(8, 1, 7)
material = ExtResource("1_c3u85")

[node name="CSGBox3D19" type="CSGBox3D" parent="."]
transform = Transform3D(1, 0, 0, 0, 1, 0, 0, 0, 1, -1, 2.5, 4.5)
size = Vector3(4, 1, 3)
material = ExtResource("1_c3u85")

[node name="CSGBox3D20" type="CSGBox3D" parent="."]
transform = Transform3D(1, 0, 0, 0, 1, 0, 0, 0, 1, -1, 3.5, -0.5)
size = Vector3(4, 1, 3)
material = ExtResource("1_c3u85")

[node name="CSGBox3D21" type="CSGBox3D" parent="."]
transform = Transform3D(1, 0, 0, 0, 1, 0, 0, 0, 1, -1, 4.5, -0.5)
size = Vector3(2, 1, 1)
material = ExtResource("1_c3u85")

[node name="CSGBox3D17" type="CSGBox3D" parent="."]
transform = Transform3D(1, 0, 0, 0, 1, 0, 0, 0, 1, -4, 1.5, -6)
size = Vector3(2, 1, 4)
material = ExtResource("1_c3u85")

[node name="CSGBox3D16" type="CSGBox3D" parent="."]
transform = Transform3D(1, 0, 0, 0, 1, 0, 0, 0, 1, -2, 1.5, 6)
size = Vector3(11, 1, 4)
material = ExtResource("1_c3u85")

[node name="CSGBox3D14" type="CSGBox3D" parent="."]
transform = Transform3D(1, 0, 0, 0, 1, 0, 0, 0, 1, -6.5, 1.5, 0)
size = Vector3(7, 1, 8)
material = ExtResource("1_c3u85")

[node name="CSGBox3D18" type="CSGBox3D" parent="."]
transform = Transform3D(1, 0, 0, 0, 1, 0, 0, 0, 1, 3, 1.5, 2)
size = Vector3(12, 1, 4)
material = ExtResource("1_c3u85")

[node name="CSGBox3D2" type="CSGBox3D" parent="."]
transform = Transform3D(1, 0, 0, 0, 1, 0, 0, 0, 1, 0, 0.5, 0)
size = Vector3(24, 1, 32)
material = ExtResource("1_c3u85")
