[gd_scene load_steps=2 format=3 uid="uid://dwstwea8ie4hw"]

[ext_resource type="Material" uid="uid://bk1jki3qc31vu" path="res://textures/resources/CSG.tres" id="1_jgwvo"]

[node name="minitile_1x2_1" type="Node3D"]

[node name="CSGBox3D" type="CSGBox3D" parent="."]
transform = Transform3D(1, 0, 0, 0, 1, 0, 0, 0, 1, 0, -25, 0)
size = Vector3(8, 50, 16)
material = ExtResource("1_jgwvo")

[node name="CSGBox3D2" type="CSGBox3D" parent="."]
transform = Transform3D(1, 0, 0, 0, 1, 0, 0, 0, 1, -1.5, 0.5, -3.5)
material_override = ExtResource("1_jgwvo")
size = Vector3(1, 1, 7)

[node name="CSGBox3D3" type="CSGBox3D" parent="."]
transform = Transform3D(1, 0, 0, 0, 1, 0, 0, 0, 1, -0.5, 0.5, 0)
material_override = ExtResource("1_jgwvo")
size = Vector3(1, 1, 14)

[node name="CSGBox3D4" type="CSGBox3D" parent="."]
transform = Transform3D(1, 0, 0, 0, 1, 0, 0, 0, 1, -2.5, 0.5, -1.5)
material_override = ExtResource("1_jgwvo")
size = Vector3(1, 1, 11)

[node name="CSGBox3D5" type="CSGBox3D" parent="."]
transform = Transform3D(1, 0, 0, 0, 1, 0, 0, 0, 1, 0.5, 0.5, -1.5)
material_override = ExtResource("1_jgwvo")
size = Vector3(1, 1, 11)

[node name="CSGBox3D6" type="CSGBox3D" parent="."]
transform = Transform3D(1, 0, 0, 0, 1, 0, 0, 0, 1, 1.5, 0.5, -4.5)
material_override = ExtResource("1_jgwvo")
size = Vector3(1, 1, 5)

[node name="CSGBox3D7" type="CSGBox3D" parent="."]
transform = Transform3D(1, 0, 0, 0, 1, 0, 0, 0, 1, 0.5, 1.5, -3)
material_override = ExtResource("1_jgwvo")
size = Vector3(1, 1, 8)

[node name="CSGBox3D8" type="CSGBox3D" parent="."]
transform = Transform3D(1, 0, 0, 0, 1, 0, 0, 0, 1, -1.5, 1.5, -5)
material_override = ExtResource("1_jgwvo")
size = Vector3(1, 1, 4)

[node name="CSGBox3D10" type="CSGBox3D" parent="."]
transform = Transform3D(1, 0, 0, 0, 1, 0, 0, 0, 1, -0.5, 2.5, -6)
material_override = ExtResource("1_jgwvo")
size = Vector3(1, 1, 2)

[node name="CSGBox3D9" type="CSGBox3D" parent="."]
transform = Transform3D(1, 0, 0, 0, 1, 0, 0, 0, 1, -0.5, 1.5, -4.5)
material_override = ExtResource("1_jgwvo")
size = Vector3(1, 1, 5)

[node name="CSGBox3D11" type="CSGBox3D" parent="."]
transform = Transform3D(1, 0, 0, 0, 1, 0, 0, 0, 1, 0, 1.5, -7.5)
material_override = ExtResource("1_jgwvo")
size = Vector3(6, 3, 1)
