[gd_scene load_steps=2 format=3 uid="uid://c5gyxgole8geu"]

[ext_resource type="Material" uid="uid://bk1jki3qc31vu" path="res://textures/resources/CSG.tres" id="1_582u5"]

[node name="minitile_3x4_1" type="Node3D"]

[node name="CSGBox3D" type="CSGBox3D" parent="."]
transform = Transform3D(1, 0, 0, 0, 1, 0, 0, 0, 1, 0, -25, 0)
size = Vector3(24, 50, 32)
material = ExtResource("1_582u5")

[node name="CSGBox3D2" type="CSGBox3D" parent="."]
transform = Transform3D(1, 0, 0, 0, 1, 0, 0, 0, 1, 1.5, 0.5, -1)
material_override = ExtResource("1_582u5")
size = Vector3(1, 1, 26)

[node name="CSGBox3D3" type="CSGBox3D" parent="."]
transform = Transform3D(1, 0, 0, 0, 1, 0, 0, 0, 1, 2.5, 0.5, -6.5)
material_override = ExtResource("1_582u5")
size = Vector3(1, 1, 15)

[node name="CSGBox3D6" type="CSGBox3D" parent="."]
transform = Transform3D(1, 0, 0, 0, 1, 0, 0, 0, 1, 1.5, 1.5, -10)
material_override = ExtResource("1_582u5")
size = Vector3(1, 1, 8)

[node name="CSGBox3D7" type="CSGBox3D" parent="."]
transform = Transform3D(1, 0, 0, 0, 1, 0, 0, 0, 1, 2.5, 1.5, -8)
material_override = ExtResource("1_582u5")
size = Vector3(1, 1, 12)

[node name="CSGBox3D8" type="CSGBox3D" parent="."]
transform = Transform3D(1, 0, 0, 0, 1, 0, 0, 0, 1, 3.5, 1.5, -6)
material_override = ExtResource("1_582u5")
size = Vector3(1, 1, 16)

[node name="CSGBox3D9" type="CSGBox3D" parent="."]
transform = Transform3D(1, 0, 0, 0, 1, 0, 0, 0, 1, 3.5, 2.5, -11.5)
material_override = ExtResource("1_582u5")
size = Vector3(1, 1, 5)

[node name="CSGBox3D4" type="CSGBox3D" parent="."]
transform = Transform3D(1, 0, 0, 0, 1, 0, 0, 0, 1, 3.5, 0.5, -5)
material_override = ExtResource("1_582u5")
size = Vector3(1, 1, 18)

[node name="CSGBox3D5" type="CSGBox3D" parent="."]
transform = Transform3D(1, 0, 0, 0, 1, 0, 0, 0, 1, 0.5, 0.5, -4)
material_override = ExtResource("1_582u5")
size = Vector3(1, 1, 20)

[node name="CSGBox3D10" type="CSGBox3D" parent="."]
transform = Transform3D(1, 0, 0, 0, 1, 0, 0, 0, 1, 5.5, 1.5, -9.5)
material_override = ExtResource("1_582u5")
size = Vector3(1, 1, 9)

[node name="CSGBox3D12" type="CSGBox3D" parent="."]
transform = Transform3D(1, 0, 0, 0, 1, 0, 0, 0, 1, 4.5, 1.5, -9)
material_override = ExtResource("1_582u5")
size = Vector3(1, 1, 10)

[node name="CSGBox3D13" type="CSGBox3D" parent="."]
transform = Transform3D(1, 0, 0, 0, 1, 0, 0, 0, 1, 4.5, 2.5, -10.5)
material_override = ExtResource("1_582u5")
size = Vector3(1, 1, 7)

[node name="CSGBox3D14" type="CSGBox3D" parent="."]
transform = Transform3D(1, 0, 0, 0, 1, 0, 0, 0, 1, -3.5, 0.5, -7.5)
material_override = ExtResource("1_582u5")
size = Vector3(1, 1, 13)

[node name="CSGBox3D17" type="CSGBox3D" parent="."]
transform = Transform3D(1, 0, 0, 0, 1, 0, 0, 0, 1, -2.5, 1.5, -8.5)
material_override = ExtResource("1_582u5")
size = Vector3(1, 1, 11)

[node name="CSGBox3D18" type="CSGBox3D" parent="."]
transform = Transform3D(1, 0, 0, 0, 1, 0, 0, 0, 1, 2.5, 2.5, -12.5)
material_override = ExtResource("1_582u5")
size = Vector3(1, 1, 3)

[node name="CSGBox3D19" type="CSGBox3D" parent="."]
transform = Transform3D(1, 0, 0, 0, 1, 0, 0, 0, 1, -2.5, 0.5, -5)
material_override = ExtResource("1_582u5")
size = Vector3(1, 1, 18)

[node name="CSGBox3D20" type="CSGBox3D" parent="."]
transform = Transform3D(1, 0, 0, 0, 1, 0, 0, 0, 1, -1.5, 1.5, -7)
material_override = ExtResource("1_582u5")
size = Vector3(1, 1, 14)

[node name="CSGBox3D21" type="CSGBox3D" parent="."]
transform = Transform3D(1, 0, 0, 0, 1, 0, 0, 0, 1, -2.5, 2.5, -12)
material_override = ExtResource("1_582u5")
size = Vector3(1, 1, 4)

[node name="CSGBox3D22" type="CSGBox3D" parent="."]
transform = Transform3D(1, 0, 0, 0, 1, 0, 0, 0, 1, -1.5, 0.5, -6)
material_override = ExtResource("1_582u5")
size = Vector3(1, 1, 16)

[node name="CSGBox3D23" type="CSGBox3D" parent="."]
transform = Transform3D(1, 0, 0, 0, 1, 0, 0, 0, 1, -0.5, 1.5, -11.5)
material_override = ExtResource("1_582u5")
size = Vector3(1, 1, 5)

[node name="CSGBox3D24" type="CSGBox3D" parent="."]
transform = Transform3D(1, 0, 0, 0, 1, 0, 0, 0, 1, -1.5, 2.5, -9.5)
material_override = ExtResource("1_582u5")
size = Vector3(1, 1, 9)

[node name="CSGBox3D25" type="CSGBox3D" parent="."]
transform = Transform3D(1, 0, 0, 0, 1, 0, 0, 0, 1, -0.5, 0.5, -2)
material_override = ExtResource("1_582u5")
size = Vector3(1, 1, 24)

[node name="CSGBox3D15" type="CSGBox3D" parent="."]
transform = Transform3D(1, 0, 0, 0, 1, 0, 0, 0, 1, 4.5, 0.5, -2)
material_override = ExtResource("1_582u5")
size = Vector3(1, 1, 24)

[node name="CSGBox3D16" type="CSGBox3D" parent="."]
transform = Transform3D(1, 0, 0, 0, 1, 0, 0, 0, 1, 5.5, 0.5, -6)
material_override = ExtResource("1_582u5")
size = Vector3(1, 1, 16)

[node name="CSGBox3D11" type="CSGBox3D" parent="."]
transform = Transform3D(1, 0, 0, 0, 1, 0, 0, 0, 1, 1.5, 1.5, -15)
material_override = ExtResource("1_582u5")
size = Vector3(15, 3, 2)
