[gd_scene load_steps=2 format=3 uid="uid://b04m8v841o66p"]

[ext_resource type="Material" uid="uid://bk1jki3qc31vu" path="res://textures/resources/CSG.tres" id="1_hgfjr"]

[node name="minitile_3x3_1" type="Node3D"]

[node name="CSGBox3D" type="CSGBox3D" parent="."]
transform = Transform3D(1, 0, 0, 0, 1, 0, 0, 0, 1, 0, -25, 0)
material_override = ExtResource("1_hgfjr")
size = Vector3(24, 50, 24)

[node name="CSGBox3D2" type="CSGBox3D" parent="."]
transform = Transform3D(1, 0, 0, 0, 1, 0, 0, 0, 1, -8, 6, -8)
material_override = ExtResource("1_hgfjr")
size = Vector3(4, 4, 4)

[node name="CSGBox3D3" type="CSGBox3D" parent="."]
transform = Transform3D(1, 0, 0, 0, 1, 0, 0, 0, 1, -8, 6, 0)
material_override = ExtResource("1_hgfjr")
size = Vector3(4, 4, 4)

[node name="CSGBox3D4" type="CSGBox3D" parent="."]
transform = Transform3D(1, 0, 0, 0, 1, 0, 0, 0, 1, -8, 6, 8)
material_override = ExtResource("1_hgfjr")
size = Vector3(4, 4, 4)

[node name="CSGBox3D5" type="CSGBox3D" parent="."]
transform = Transform3D(1, 0, 0, 0, 1, 0, 0, 0, 1, -8, 22, 8)
material_override = ExtResource("1_hgfjr")
size = Vector3(4, 4, 4)

[node name="CSGBox3D6" type="CSGBox3D" parent="."]
transform = Transform3D(1, 0, 0, 0, 1, 0, 0, 0, 1, -8, 22, 0)
material_override = ExtResource("1_hgfjr")
size = Vector3(4, 4, 4)

[node name="CSGBox3D7" type="CSGBox3D" parent="."]
transform = Transform3D(1, 0, 0, 0, 1, 0, 0, 0, 1, -8, 22, -8)
material_override = ExtResource("1_hgfjr")
size = Vector3(4, 4, 4)

[node name="CSGBox3D8" type="CSGBox3D" parent="."]
transform = Transform3D(1, 0, 0, 0, 1, 0, 0, 0, 1, -8, 14, -8)
material_override = ExtResource("1_hgfjr")
size = Vector3(4, 4, 4)

[node name="CSGBox3D9" type="CSGBox3D" parent="."]
transform = Transform3D(1, 0, 0, 0, 1, 0, 0, 0, 1, -8, 30, -8)
material_override = ExtResource("1_hgfjr")
size = Vector3(4, 4, 4)

[node name="CSGBox3D10" type="CSGBox3D" parent="."]
transform = Transform3D(1, 0, 0, 0, 1, 0, 0, 0, 1, 0, 30, -8)
material_override = ExtResource("1_hgfjr")
size = Vector3(4, 4, 4)

[node name="CSGBox3D11" type="CSGBox3D" parent="."]
transform = Transform3D(1, 0, 0, 0, 1, 0, 0, 0, 1, 8, 30, -8)
material_override = ExtResource("1_hgfjr")
size = Vector3(4, 4, 4)

[node name="CSGBox3D12" type="CSGBox3D" parent="."]
transform = Transform3D(1, 0, 0, 0, 1, 0, 0, 0, 1, 8, 14, -8)
material_override = ExtResource("1_hgfjr")
size = Vector3(4, 4, 4)

[node name="CSGBox3D13" type="CSGBox3D" parent="."]
transform = Transform3D(1, 0, 0, 0, 1, 0, 0, 0, 1, 0, 14, -8)
material_override = ExtResource("1_hgfjr")
size = Vector3(4, 4, 4)
