[gd_scene load_steps=2 format=3 uid="uid://k8b5na44t4m7"]

[ext_resource type="Material" uid="uid://bk1jki3qc31vu" path="res://textures/resources/CSG.tres" id="1_o3mkp"]

[node name="minitile_3x4_1" type="Node3D"]

[node name="CSGBox3D" type="CSGBox3D" parent="."]
transform = Transform3D(1, 0, 0, 0, 1, 0, 0, 0, 1, 0, -25, 0)
material_override = ExtResource("1_o3mkp")
size = Vector3(24, 50, 32)

[node name="CSGBox3D2" type="CSGBox3D" parent="."]
transform = Transform3D(1, 0, 0, 0, 1, 0, 0, 0, 1, -8.5, 11.5, -12.5)
material_override = ExtResource("1_o3mkp")
size = Vector3(3, 3, 3)

[node name="CSGBox3D6" type="CSGBox3D" parent="."]
transform = Transform3D(1, 0, 0, 0, 1, 0, 0, 0, 1, -2.5, 11.5, -12.5)
material_override = ExtResource("1_o3mkp")
size = Vector3(3, 3, 3)

[node name="CSGBox3D7" type="CSGBox3D" parent="."]
transform = Transform3D(1, 0, 0, 0, 1, 0, 0, 0, 1, 3.5, 11.5, -12.5)
material_override = ExtResource("1_o3mkp")
size = Vector3(3, 3, 3)

[node name="CSGBox3D16" type="CSGBox3D" parent="."]
transform = Transform3D(1, 0, 0, 0, 1, 0, 0, 0, 1, -2.5, 11.5, -6.5)
material_override = ExtResource("1_o3mkp")
size = Vector3(5, 5, 5)

[node name="CSGBox3D17" type="CSGBox3D" parent="."]
transform = Transform3D(1, 0, 0, 0, 1, 0, 0, 0, 1, -2.5, 21.5, -6.5)
material_override = ExtResource("1_o3mkp")
size = Vector3(5, 5, 5)

[node name="CSGBox3D18" type="CSGBox3D" parent="."]
transform = Transform3D(1, 0, 0, 0, 1, 0, 0, 0, 1, -2.5, 31.5, -6.5)
material_override = ExtResource("1_o3mkp")
size = Vector3(5, 5, 5)

[node name="CSGBox3D19" type="CSGBox3D" parent="."]
transform = Transform3D(1, 0, 0, 0, 1, 0, 0, 0, 1, -2.5, 41.5, -6.5)
material_override = ExtResource("1_o3mkp")
size = Vector3(5, 5, 5)

[node name="CSGBox3D28" type="CSGBox3D" parent="."]
transform = Transform3D(1, 0, 0, 0, 1, 0, 0, 0, 1, 7.5, 11.5, 3.5)
material_override = ExtResource("1_o3mkp")
size = Vector3(5, 5, 5)

[node name="CSGBox3D29" type="CSGBox3D" parent="."]
transform = Transform3D(1, 0, 0, 0, 1, 0, 0, 0, 1, 7.5, 21.5, 3.5)
material_override = ExtResource("1_o3mkp")
size = Vector3(5, 5, 5)

[node name="CSGBox3D30" type="CSGBox3D" parent="."]
transform = Transform3D(1, 0, 0, 0, 1, 0, 0, 0, 1, 7.5, 31.5, 3.5)
material_override = ExtResource("1_o3mkp")
size = Vector3(5, 5, 5)

[node name="CSGBox3D31" type="CSGBox3D" parent="."]
transform = Transform3D(1, 0, 0, 0, 1, 0, 0, 0, 1, 7.5, 41.5, 3.5)
material_override = ExtResource("1_o3mkp")
size = Vector3(5, 5, 5)

[node name="CSGBox3D24" type="CSGBox3D" parent="."]
transform = Transform3D(1, 0, 0, 0, 1, 0, 0, 0, 1, -2.5, 11.5, 3.5)
material_override = ExtResource("1_o3mkp")
size = Vector3(5, 5, 5)

[node name="CSGBox3D25" type="CSGBox3D" parent="."]
transform = Transform3D(1, 0, 0, 0, 1, 0, 0, 0, 1, -2.5, 21.5, 3.5)
material_override = ExtResource("1_o3mkp")
size = Vector3(5, 5, 5)

[node name="CSGBox3D26" type="CSGBox3D" parent="."]
transform = Transform3D(1, 0, 0, 0, 1, 0, 0, 0, 1, -2.5, 31.5, 3.5)
material_override = ExtResource("1_o3mkp")
size = Vector3(5, 5, 5)

[node name="CSGBox3D27" type="CSGBox3D" parent="."]
transform = Transform3D(1, 0, 0, 0, 1, 0, 0, 0, 1, -2.5, 41.5, 3.5)
material_override = ExtResource("1_o3mkp")
size = Vector3(5, 5, 5)

[node name="CSGBox3D3" type="CSGBox3D" parent="."]
transform = Transform3D(1, 0, 0, 0, 1, 0, 0, 0, 1, -8.5, 11.5, -6.5)
material_override = ExtResource("1_o3mkp")
size = Vector3(3, 3, 3)

[node name="CSGBox3D4" type="CSGBox3D" parent="."]
transform = Transform3D(1, 0, 0, 0, 1, 0, 0, 0, 1, -8.5, 11.5, -0.5)
material_override = ExtResource("1_o3mkp")
size = Vector3(3, 3, 3)

[node name="CSGBox3D5" type="CSGBox3D" parent="."]
transform = Transform3D(1, 0, 0, 0, 1, 0, 0, 0, 1, -8.5, 31.5, -12.5)
material_override = ExtResource("1_o3mkp")
size = Vector3(3, 3, 3)

[node name="CSGBox3D8" type="CSGBox3D" parent="."]
transform = Transform3D(1, 0, 0, 0, 1, 0, 0, 0, 1, -2.5, 31.5, -12.5)
material_override = ExtResource("1_o3mkp")
size = Vector3(3, 3, 3)

[node name="CSGBox3D9" type="CSGBox3D" parent="."]
transform = Transform3D(1, 0, 0, 0, 1, 0, 0, 0, 1, 3.5, 31.5, -12.5)
material_override = ExtResource("1_o3mkp")
size = Vector3(3, 3, 3)

[node name="CSGBox3D10" type="CSGBox3D" parent="."]
transform = Transform3D(1, 0, 0, 0, 1, 0, 0, 0, 1, -8.5, 31.5, -6.5)
material_override = ExtResource("1_o3mkp")
size = Vector3(3, 3, 3)

[node name="CSGBox3D11" type="CSGBox3D" parent="."]
transform = Transform3D(1, 0, 0, 0, 1, 0, 0, 0, 1, -8.5, 31.5, -0.5)
material_override = ExtResource("1_o3mkp")
size = Vector3(3, 3, 3)
