[gd_scene load_steps=2 format=3 uid="uid://bfcg67pono5ym"]

[ext_resource type="Material" uid="uid://bk1jki3qc31vu" path="res://textures/resources/CSG.tres" id="1_tojs6"]

[node name="minitile_2x5_1" type="Node3D"]

[node name="CSGBox3D" type="CSGBox3D" parent="."]
transform = Transform3D(1, 0, 0, 0, 1, 0, 0, 0, 1, 0, -25, 0)
material_override = ExtResource("1_tojs6")
size = Vector3(16, 50, 40)

[node name="CSGBox3D48" type="CSGBox3D" parent="."]
transform = Transform3D(1, 0, 0, 0, 1, 0, 0, 0, 1, -7.5, 2, 2)
material_override = ExtResource("1_tojs6")
size = Vector3(1, 4, 2)

[node name="CSGBox3D49" type="CSGBox3D" parent="."]
transform = Transform3D(1, 0, 0, 0, 1, 0, 0, 0, 1, -7.5, 2, -2)
material_override = ExtResource("1_tojs6")
size = Vector3(1, 4, 2)

[node name="CSGBox3D50" type="CSGBox3D" parent="."]
transform = Transform3D(1, 0, 0, 0, 1, 0, 0, 0, 1, -7.5, 1, 0)
material_override = ExtResource("1_tojs6")
size = Vector3(1, 2, 2)

[node name="CSGBox3D51" type="CSGBox3D" parent="."]
transform = Transform3D(1, 0, 0, 0, 1, 0, 0, 0, 1, -7.5, 5, 0)
material_override = ExtResource("1_tojs6")
size = Vector3(1, 2, 6)

[node name="CSGBox3D95" type="CSGBox3D" parent="."]
transform = Transform3D(1, 0, 0, 0, 1, 0, 0, 0, 1, -7.5, 2, -9)
material_override = ExtResource("1_tojs6")
size = Vector3(1, 4, 2)

[node name="CSGBox3D96" type="CSGBox3D" parent="."]
transform = Transform3D(1, 0, 0, 0, 1, 0, 0, 0, 1, -7.5, 2, -13)
material_override = ExtResource("1_tojs6")
size = Vector3(1, 4, 2)

[node name="CSGBox3D97" type="CSGBox3D" parent="."]
transform = Transform3D(1, 0, 0, 0, 1, 0, 0, 0, 1, -7.5, 1, -11)
material_override = ExtResource("1_tojs6")
size = Vector3(1, 2, 2)

[node name="CSGBox3D98" type="CSGBox3D" parent="."]
transform = Transform3D(1, 0, 0, 0, 1, 0, 0, 0, 1, -7.5, 5, -11)
material_override = ExtResource("1_tojs6")
size = Vector3(1, 2, 6)

[node name="CSGBox3D75" type="CSGBox3D" parent="."]
transform = Transform3D(1, 0, 0, 0, 1, 0, 0, 0, 1, -7.5, 2, 11)
material_override = ExtResource("1_tojs6")
size = Vector3(1, 4, 2)

[node name="CSGBox3D76" type="CSGBox3D" parent="."]
transform = Transform3D(1, 0, 0, 0, 1, 0, 0, 0, 1, -7.5, 2, 7)
material_override = ExtResource("1_tojs6")
size = Vector3(1, 4, 2)

[node name="CSGBox3D77" type="CSGBox3D" parent="."]
transform = Transform3D(1, 0, 0, 0, 1, 0, 0, 0, 1, -7.5, 1, 9)
material_override = ExtResource("1_tojs6")
size = Vector3(1, 2, 2)

[node name="CSGBox3D78" type="CSGBox3D" parent="."]
transform = Transform3D(1, 0, 0, 0, 1, 0, 0, 0, 1, -7.5, 5, 9)
material_override = ExtResource("1_tojs6")
size = Vector3(1, 2, 6)

[node name="CSGBox3D52" type="CSGBox3D" parent="."]
transform = Transform3D(1, 0, 0, 0, 1, 0, 0, 0, 1, 7.5, 2, 2)
material_override = ExtResource("1_tojs6")
size = Vector3(1, 4, 2)

[node name="CSGBox3D53" type="CSGBox3D" parent="."]
transform = Transform3D(1, 0, 0, 0, 1, 0, 0, 0, 1, 7.5, 2, -2)
material_override = ExtResource("1_tojs6")
size = Vector3(1, 4, 2)

[node name="CSGBox3D56" type="CSGBox3D" parent="."]
transform = Transform3D(1, 0, 0, 0, 1, 0, 0, 0, 1, 2.5, 2, -5)
material_override = ExtResource("1_tojs6")
size = Vector3(1, 4, 2)

[node name="CSGBox3D59" type="CSGBox3D" parent="."]
transform = Transform3D(1, 0, 0, 0, 1, 0, 0, 0, 1, 2.5, 6.5, -7.5)
material_override = ExtResource("1_tojs6")
size = Vector3(1, 5, 7)

[node name="CSGBox3D57" type="CSGBox3D" parent="."]
transform = Transform3D(1, 0, 0, 0, 1, 0, 0, 0, 1, -4.5, 4.5, -7)
material_override = ExtResource("1_tojs6")
size = Vector3(1, 9, 6)

[node name="CSGBox3D60" type="CSGBox3D" parent="."]
transform = Transform3D(1, 0, 0, 0, 1, 0, 0, 0, 1, -1, 6.5, -4.5)
material_override = ExtResource("1_tojs6")
size = Vector3(6, 5, 1)

[node name="CSGBox3D66" type="CSGBox3D" parent="."]
transform = Transform3D(1, 0, 0, 0, 1, 0, 0, 0, 1, 3, 6.5, 0)
material_override = ExtResource("1_tojs6")
size = Vector3(6, 1, 12)

[node name="CSGBox3D67" type="CSGBox3D" parent="."]
transform = Transform3D(1, 0, 0, 0, 1, 0, 0, 0, 1, 0.5, 7.5, 0)
material_override = ExtResource("1_tojs6")
size = Vector3(1, 1, 12)

[node name="CSGBox3D68" type="CSGBox3D" parent="."]
transform = Transform3D(1, 0, 0, 0, 1, 0, 0, 0, 1, 5.5, 7.5, 0)
material_override = ExtResource("1_tojs6")
size = Vector3(1, 1, 12)

[node name="CSGBox3D69" type="CSGBox3D" parent="."]
transform = Transform3D(1, 0, 0, 0, 1, 0, 0, 0, 1, 3, 7.5, -5.5)
material_override = ExtResource("1_tojs6")
size = Vector3(4, 1, 1)

[node name="CSGBox3D70" type="CSGBox3D" parent="."]
transform = Transform3D(1, 0, 0, 0, 1, 0, 0, 0, 1, 3, 7.5, 5.5)
material_override = ExtResource("1_tojs6")
size = Vector3(4, 1, 1)

[node name="CSGBox3D58" type="CSGBox3D" parent="."]
transform = Transform3D(1, 0, 0, 0, 1, 0, 0, 0, 1, -1.5, 4.5, -10.5)
material_override = ExtResource("1_tojs6")
size = Vector3(7, 9, 1)

[node name="CSGBox3D61" type="CSGBox3D" parent="."]
transform = Transform3D(1, 0, 0, 0, 1, 0, 0, 0, 1, -2, 1.5, 2.5)
material_override = ExtResource("1_tojs6")
size = Vector3(2, 3, 1)

[node name="CSGBox3D62" type="CSGBox3D" parent="."]
transform = Transform3D(1, 0, 0, 0, 1, 0, 0, 0, 1, 4.5, 5.5, 5.5)
material_override = ExtResource("1_tojs6")
size = Vector3(1, 11, 7)

[node name="CSGBox3D63" type="CSGBox3D" parent="."]
transform = Transform3D(1, 0, 0, 0, 1, 0, 0, 0, 1, -2.5, 7, 6)
material_override = ExtResource("1_tojs6")
size = Vector3(1, 8, 6)

[node name="CSGBox3D64" type="CSGBox3D" parent="."]
transform = Transform3D(1, 0, 0, 0, 1, 0, 0, 0, 1, 1, 5.5, 8.5)
material_override = ExtResource("1_tojs6")
size = Vector3(6, 11, 1)

[node name="CSGBox3D85" type="CSGBox3D" parent="."]
transform = Transform3D(1, 0, 0, 0, 1, 0, 0, 0, 1, 3.5, 12, 8.5)
material_override = ExtResource("1_tojs6")
size = Vector3(1, 2, 1)

[node name="CSGBox3D86" type="CSGBox3D" parent="."]
transform = Transform3D(1, 0, 0, 0, 1, 0, 0, 0, 1, 3.5, 6.5, 19.5)
material_override = ExtResource("1_tojs6")
size = Vector3(1, 13, 1)

[node name="CSGBox3D87" type="CSGBox3D" parent="."]
transform = Transform3D(1, 0, 0, 0, 1, 0, 0, 0, 1, 3.5, 12.5, 14)
material_override = ExtResource("1_tojs6")
size = Vector3(1, 1, 10)

[node name="CSGBox3D88" type="CSGBox3D" parent="."]
transform = Transform3D(1, 0, 0, 0, 1, 0, 0, 0, 1, 5.5, 8.5, 4.5)
material_override = ExtResource("1_tojs6")

[node name="CSGBox3D89" type="CSGBox3D" parent="."]
transform = Transform3D(1, 0, 0, 0, 1, 0, 0, 0, 1, 5.5, 5, 19.5)
material_override = ExtResource("1_tojs6")
size = Vector3(1, 10, 1)

[node name="CSGBox3D90" type="CSGBox3D" parent="."]
transform = Transform3D(1, 0, 0, 0, 1, 0, 0, 0, 1, 5.5, 9.5, 11.5)
material_override = ExtResource("1_tojs6")
size = Vector3(1, 1, 15)

[node name="CSGBox3D65" type="CSGBox3D" parent="."]
transform = Transform3D(1, 0, 0, 0, 1, 0, 0, 0, 1, 0.5, 7, 2.5)
material_override = ExtResource("1_tojs6")
size = Vector3(7, 8, 1)

[node name="CSGBox3D54" type="CSGBox3D" parent="."]
transform = Transform3D(1, 0, 0, 0, 1, 0, 0, 0, 1, 7.5, 1, 0)
material_override = ExtResource("1_tojs6")
size = Vector3(1, 2, 2)

[node name="CSGBox3D55" type="CSGBox3D" parent="."]
transform = Transform3D(1, 0, 0, 0, 1, 0, 0, 0, 1, 7.5, 5, 0)
material_override = ExtResource("1_tojs6")
size = Vector3(1, 2, 6)

[node name="CSGBox3D91" type="CSGBox3D" parent="."]
transform = Transform3D(1, 0, 0, 0, 1, 0, 0, 0, 1, 7.5, 2, 16)
material_override = ExtResource("1_tojs6")
size = Vector3(1, 4, 2)

[node name="CSGBox3D92" type="CSGBox3D" parent="."]
transform = Transform3D(1, 0, 0, 0, 1, 0, 0, 0, 1, 7.5, 2, 12)
material_override = ExtResource("1_tojs6")
size = Vector3(1, 4, 2)

[node name="CSGBox3D93" type="CSGBox3D" parent="."]
transform = Transform3D(1, 0, 0, 0, 1, 0, 0, 0, 1, 7.5, 1, 14)
material_override = ExtResource("1_tojs6")
size = Vector3(1, 2, 2)

[node name="CSGBox3D94" type="CSGBox3D" parent="."]
transform = Transform3D(1, 0, 0, 0, 1, 0, 0, 0, 1, 7.5, 5, 14)
material_override = ExtResource("1_tojs6")
size = Vector3(1, 2, 6)

[node name="CSGBox3D71" type="CSGBox3D" parent="."]
transform = Transform3D(1, 0, 0, 0, 1, 0, 0, 0, 1, 7.5, 2, -7)
material_override = ExtResource("1_tojs6")
size = Vector3(1, 4, 2)

[node name="CSGBox3D72" type="CSGBox3D" parent="."]
transform = Transform3D(1, 0, 0, 0, 1, 0, 0, 0, 1, 7.5, 2, -11)
material_override = ExtResource("1_tojs6")
size = Vector3(1, 4, 2)

[node name="CSGBox3D79" type="CSGBox3D" parent="."]
transform = Transform3D(1, 0, 0, 0, 1, 0, 0, 0, 1, 7.5, 6, -16.5)
material_override = ExtResource("1_tojs6")
size = Vector3(1, 12, 1)

[node name="CSGBox3D83" type="CSGBox3D" parent="."]
transform = Transform3D(1, 0, 0, 0, 1, 0, 0, 0, 1, 3, 11.5, -16.5)
material_override = ExtResource("1_tojs6")
size = Vector3(8, 1, 1)

[node name="CSGBox3D80" type="CSGBox3D" parent="."]
transform = Transform3D(1, 0, 0, 0, 1, 0, 0, 0, 1, 7.5, 6, -18.5)
material_override = ExtResource("1_tojs6")
size = Vector3(1, 12, 1)

[node name="CSGBox3D81" type="CSGBox3D" parent="."]
transform = Transform3D(1, 0, 0, 0, 1, 0, 0, 0, 1, 3, 11.5, -18.5)
material_override = ExtResource("1_tojs6")
size = Vector3(8, 1, 1)

[node name="CSGBox3D82" type="CSGBox3D" parent="."]
transform = Transform3D(1, 0, 0, 0, 1, 0, 0, 0, 1, -0.5, 10, -18.5)
material_override = ExtResource("1_tojs6")
size = Vector3(1, 2, 1)

[node name="CSGBox3D84" type="CSGBox3D" parent="."]
transform = Transform3D(1, 0, 0, 0, 1, 0, 0, 0, 1, -0.5, 10, -16.5)
material_override = ExtResource("1_tojs6")
size = Vector3(1, 2, 1)

[node name="CSGBox3D73" type="CSGBox3D" parent="."]
transform = Transform3D(1, 0, 0, 0, 1, 0, 0, 0, 1, 7.5, 1, -9)
material_override = ExtResource("1_tojs6")
size = Vector3(1, 2, 2)

[node name="CSGBox3D74" type="CSGBox3D" parent="."]
transform = Transform3D(1, 0, 0, 0, 1, 0, 0, 0, 1, 7.5, 5, -9)
material_override = ExtResource("1_tojs6")
size = Vector3(1, 2, 6)

[node name="CSGBox3D18" type="CSGBox3D" parent="."]
transform = Transform3D(1, 0, 0, 0, 1, 0, 0, 0, 1, -5.5, 6, 16.5)
material_override = ExtResource("1_tojs6")
size = Vector3(1, 6, 5)

[node name="CSGBox3D19" type="CSGBox3D" parent="."]
transform = Transform3D(1, 0, 0, 0, 1, 0, 0, 0, 1, -0.5, 4.5, 16.5)
material_override = ExtResource("1_tojs6")
size = Vector3(1, 9, 5)

[node name="CSGBox3D20" type="CSGBox3D" parent="."]
transform = Transform3D(1, 0, 0, 0, 1, 0, 0, 0, 1, -3, 4.5, 19.5)
material_override = ExtResource("1_tojs6")
size = Vector3(6, 9, 1)

[node name="CSGBox3D21" type="CSGBox3D" parent="."]
transform = Transform3D(1, 0, 0, 0, 1, 0, 0, 0, 1, -3, 6, 14.5)
material_override = ExtResource("1_tojs6")
size = Vector3(4, 6, 1)

[node name="CSGBox3D23" type="CSGBox3D" parent="."]
transform = Transform3D(1, 0, 0, 0, 1, 0, 0, 0, 1, -5, 1.5, 14.5)
material_override = ExtResource("1_tojs6")
size = Vector3(2, 3, 1)

[node name="CSGBox3D22" type="CSGBox3D" parent="."]
transform = Transform3D(1, 0, 0, 0, 1, 0, 0, 0, 1, -3.5, 6, 14.5)
material_override = ExtResource("1_tojs6")
size = Vector3(1, 2, 5)

[node name="CSGBox3D27" type="CSGBox3D" parent="."]
transform = Transform3D(1, 0, 0, 0, 1, 0, 0, 0, 1, -1, 5.5, 15)
material_override = ExtResource("1_tojs6")
size = Vector3(4, 1, 4)

[node name="CSGBox3D24" type="CSGBox3D" parent="."]
transform = Transform3D(1, 0, 0, 0, 1, 0, 0, 0, 1, 1.5, 6, 14.5)
material_override = ExtResource("1_tojs6")
size = Vector3(1, 2, 5)

[node name="CSGBox3D25" type="CSGBox3D" parent="."]
transform = Transform3D(1, 0, 0, 0, 1, 0, 0, 0, 1, -1, 6, 17.5)
material_override = ExtResource("1_tojs6")
size = Vector3(6, 2, 1)

[node name="CSGBox3D26" type="CSGBox3D" parent="."]
transform = Transform3D(1, 0, 0, 0, 1, 0, 0, 0, 1, -1, 6, 12.5)
material_override = ExtResource("1_tojs6")
size = Vector3(4, 2, 1)

[node name="CSGBox3D28" type="CSGBox3D" parent="."]
transform = Transform3D(1, 0, 0, 0, 1, 0, 0, 0, 1, -5.5, 4.5, -17.5)
material_override = ExtResource("1_tojs6")
size = Vector3(1, 9, 5)

[node name="CSGBox3D29" type="CSGBox3D" parent="."]
transform = Transform3D(1, 0, 0, 0, 1, 0, 0, 0, 1, -0.5, 6.5, -17.5)
material_override = ExtResource("1_tojs6")
size = Vector3(1, 5, 5)

[node name="CSGBox3D30" type="CSGBox3D" parent="."]
transform = Transform3D(1, 0, 0, 0, 1, 0, 0, 0, 1, -3, 6.5, -14.5)
material_override = ExtResource("1_tojs6")
size = Vector3(6, 5, 1)

[node name="CSGBox3D31" type="CSGBox3D" parent="."]
transform = Transform3D(1, 0, 0, 0, 1, 0, 0, 0, 1, -3, 4.5, -19.5)
material_override = ExtResource("1_tojs6")
size = Vector3(4, 9, 1)

[node name="CSGBox3D32" type="CSGBox3D" parent="."]
transform = Transform3D(1, 0, 0, 0, 1, 0, 0, 0, 1, -0.5, 2, -15)
material_override = ExtResource("1_tojs6")
size = Vector3(1, 4, 2)

[node name="CSGBox3D33" type="CSGBox3D" parent="."]
transform = Transform3D(1, 0, 0, 0, 1, 0, 0, 0, 1, -2.5, 6, -13)
material_override = ExtResource("1_tojs6")
size = Vector3(1, 2, 8)

[node name="CSGBox3D34" type="CSGBox3D" parent="."]
transform = Transform3D(1, 0, 0, 0, 1, 0, 0, 0, 1, 1, 5.5, -12.5)
material_override = ExtResource("1_tojs6")
size = Vector3(6, 1, 7)

[node name="CSGBox3D35" type="CSGBox3D" parent="."]
transform = Transform3D(1, 0, 0, 0, 1, 0, 0, 0, 1, 4.5, 6, -12.5)
material_override = ExtResource("1_tojs6")
size = Vector3(1, 2, 9)

[node name="CSGBox3D36" type="CSGBox3D" parent="."]
transform = Transform3D(1, 0, 0, 0, 1, 0, 0, 0, 1, 0.5, 6, -8.5)
material_override = ExtResource("1_tojs6")
size = Vector3(7, 2, 1)

[node name="CSGBox3D37" type="CSGBox3D" parent="."]
transform = Transform3D(1, 0, 0, 0, 1, 0, 0, 0, 1, 1, 6, -16.5)
material_override = ExtResource("1_tojs6")
size = Vector3(6, 2, 1)
