[gd_scene load_steps=2 format=3 uid="uid://ckbh7wf3sjl67"]

[ext_resource type="Material" uid="uid://bk1jki3qc31vu" path="res://textures/resources/CSG.tres" id="3_neps4"]

[node name="minitile_1x4_1" type="Node3D"]

[node name="CSGBox3D" type="CSGBox3D" parent="."]
transform = Transform3D(1, 0, 0, 0, 1, 0, 0, 0, 1, 0, -25, 0)
size = Vector3(8, 50, 32)
material = ExtResource("3_neps4")

[node name="CSGBox3D3" type="CSGBox3D" parent="."]
transform = Transform3D(1, 0, 0, 0, 1, 0, 0, 0, 1, 0, 4, 3)
size = Vector3(6, 8, 2)
material = ExtResource("3_neps4")

[node name="CSGBox3D6" type="CSGBox3D" parent="."]
transform = Transform3D(1, 0, 0, 0, 1, 0, 0, 0, 1, 0, 4, 7)
size = Vector3(6, 8, 2)
material = ExtResource("3_neps4")

[node name="CSGBox3D4" type="CSGBox3D" parent="."]
transform = Transform3D(1, 0, 0, 0, 1, 0, 0, 0, 1, 0, 9, 3)
size = Vector3(2, 2, 2)
material = ExtResource("3_neps4")

[node name="CSGBox3D5" type="CSGBox3D" parent="."]
transform = Transform3D(1, 0, 0, 0, 1, 0, 0, 0, 1, 0, 4, 5)
size = Vector3(2, 8, 10)
material = ExtResource("3_neps4")

[node name="CSGBox3D7" type="CSGBox3D" parent="."]
transform = Transform3D(1, 0, 0, 0, 1, 0, 0, 0, 1, 0, 9, 7)
size = Vector3(2, 2, 2)
material = ExtResource("3_neps4")

[node name="CSGBox3D8" type="CSGBox3D" parent="."]
transform = Transform3D(1, 0, 0, 0, 1, 0, 0, 0, 1, 0, 2, -11)
size = Vector3(6, 8, 2)
material = ExtResource("3_neps4")

[node name="CSGBox3D9" type="CSGBox3D" parent="."]
transform = Transform3D(1, 0, 0, 0, 1, 0, 0, 0, 1, 0, 2, -7)
size = Vector3(6, 8, 2)
material = ExtResource("3_neps4")

[node name="CSGBox3D10" type="CSGBox3D" parent="."]
transform = Transform3D(1, 0, 0, 0, 1, 0, 0, 0, 1, 0, 7, -11)
size = Vector3(2, 2, 2)
material = ExtResource("3_neps4")

[node name="CSGBox3D11" type="CSGBox3D" parent="."]
transform = Transform3D(1, 0, 0, 0, 1, 0, 0, 0, 1, 0, 2, -9)
size = Vector3(2, 8, 10)
material = ExtResource("3_neps4")

[node name="CSGBox3D12" type="CSGBox3D" parent="."]
transform = Transform3D(1, 0, 0, 0, 1, 0, 0, 0, 1, 0, 7, -7)
size = Vector3(2, 2, 2)
material = ExtResource("3_neps4")
