[gd_scene load_steps=2 format=3 uid="uid://j88jg6xk822v"]

[ext_resource type="Material" uid="uid://bk1jki3qc31vu" path="res://textures/resources/CSG.tres" id="1_fq6k7"]

[node name="minitile_2x5_1" type="Node3D"]

[node name="CSGBox3D" type="CSGBox3D" parent="."]
transform = Transform3D(1, 0, 0, 0, 1, 0, 0, 0, 1, 0, -25, 0)
material_override = ExtResource("1_fq6k7")
size = Vector3(16, 50, 40)

[node name="CSGBox3D5" type="CSGBox3D" parent="."]
transform = Transform3D(1, 0, 0, 0, 1, 0, 0, 0, 1, 1, 1.5, 7)
size = Vector3(2, 5, 22)
material = ExtResource("1_fq6k7")

[node name="CSGBox3D6" type="CSGBox3D" parent="."]
transform = Transform3D(1, 0, 0, 0, 1, 0, 0, 0, 1, 1, 1.5, 5)
size = Vector3(10, 5, 2)
material = ExtResource("1_fq6k7")

[node name="CSGBox3D8" type="CSGBox3D" parent="."]
transform = Transform3D(1, 0, 0, 0, 1, 0, 0, 0, 1, 1, 7, 5)
size = Vector3(2, 2, 2)
material = ExtResource("1_fq6k7")

[node name="CSGBox3D9" type="CSGBox3D" parent="."]
transform = Transform3D(1, 0, 0, 0, 1, 0, 0, 0, 1, 1, 1.5, 1)
size = Vector3(10, 5, 2)
material = ExtResource("1_fq6k7")

[node name="CSGBox3D12" type="CSGBox3D" parent="."]
transform = Transform3D(1, 0, 0, 0, 1, 0, 0, 0, 1, 1, 2.5, 7)
size = Vector3(6, 7, 18)
material = ExtResource("1_fq6k7")

[node name="CSGBox3D11" type="CSGBox3D" parent="."]
transform = Transform3D(1, 0, 0, 0, 1, 0, 0, 0, 1, 1, 7, 1)
size = Vector3(2, 2, 2)
material = ExtResource("1_fq6k7")

[node name="CSGBox3D10" type="CSGBox3D" parent="."]
transform = Transform3D(1, 0, 0, 0, 1, 0, 0, 0, 1, 1, 1.5, 9)
size = Vector3(10, 5, 2)
material = ExtResource("1_fq6k7")

[node name="CSGBox3D13" type="CSGBox3D" parent="."]
transform = Transform3D(1, 0, 0, 0, 1, 0, 0, 0, 1, 1, 7, 9)
size = Vector3(2, 2, 2)
material = ExtResource("1_fq6k7")

[node name="CSGBox3D14" type="CSGBox3D" parent="."]
transform = Transform3D(1, 0, 0, 0, 1, 0, 0, 0, 1, 1, 1.5, 13)
size = Vector3(10, 5, 2)
material = ExtResource("1_fq6k7")

[node name="CSGBox3D15" type="CSGBox3D" parent="."]
transform = Transform3D(1, 0, 0, 0, 1, 0, 0, 0, 1, 1, 7, 13)
size = Vector3(2, 2, 2)
material = ExtResource("1_fq6k7")

[node name="CSGBox3D16" type="CSGBox3D" parent="."]
transform = Transform3D(1, 0, 0, 0, 1, 0, 0, 0, 1, -3, 3, -15)
size = Vector3(6, 8, 2)
material = ExtResource("1_fq6k7")

[node name="CSGBox3D17" type="CSGBox3D" parent="."]
transform = Transform3D(1, 0, 0, 0, 1, 0, 0, 0, 1, -3, 3, -11)
size = Vector3(6, 8, 2)
material = ExtResource("1_fq6k7")

[node name="CSGBox3D18" type="CSGBox3D" parent="."]
transform = Transform3D(1, 0, 0, 0, 1, 0, 0, 0, 1, -3, 8, -15)
size = Vector3(2, 2, 2)
material = ExtResource("1_fq6k7")

[node name="CSGBox3D19" type="CSGBox3D" parent="."]
transform = Transform3D(1, 0, 0, 0, 1, 0, 0, 0, 1, -3, 3, -13)
size = Vector3(2, 8, 10)
material = ExtResource("1_fq6k7")

[node name="CSGBox3D20" type="CSGBox3D" parent="."]
transform = Transform3D(1, 0, 0, 0, 1, 0, 0, 0, 1, -3, 8, -11)
size = Vector3(2, 2, 2)
material = ExtResource("1_fq6k7")
