[gd_scene load_steps=2 format=3 uid="uid://bntd6v6pv2mvn"]

[ext_resource type="Material" uid="uid://bk1jki3qc31vu" path="res://textures/resources/CSG.tres" id="1_5unws"]

[node name="minitile_3x3_1" type="Node3D"]

[node name="CSGBox3D" type="CSGBox3D" parent="."]
transform = Transform3D(1, 0, 0, 0, 1, 0, 0, 0, 1, 0, -25, 0)
material_override = ExtResource("1_5unws")
size = Vector3(24, 50, 24)

[node name="CSGBox3D52" type="CSGBox3D" parent="."]
transform = Transform3D(1, 0, 0, 0, 1, 0, 0, 0, 1, -7, 1, -9.5)
material_override = ExtResource("1_5unws")
size = Vector3(6, 2, 1)

[node name="CSGBox3D66" type="CSGBox3D" parent="."]
transform = Transform3D(1, 0, 0, 0, 1, 0, 0, 0, 1, 4, 1, -9.5)
material_override = ExtResource("1_5unws")
size = Vector3(12, 2, 1)

[node name="CSGBox3D63" type="CSGBox3D" parent="."]
transform = Transform3D(1, 0, 0, 0, 1, 0, 0, 0, 1, 9.5, 1, 4.5)
material_override = ExtResource("1_5unws")
size = Vector3(1, 2, 11)

[node name="CSGBox3D65" type="CSGBox3D" parent="."]
transform = Transform3D(1, 0, 0, 0, 1, 0, 0, 0, 1, 9.5, 1, -6)
material_override = ExtResource("1_5unws")
size = Vector3(1, 2, 6)

[node name="CSGBox3D64" type="CSGBox3D" parent="."]
transform = Transform3D(1, 0, 0, 0, 1, 0, 0, 0, 1, 6.5, 1, 9.5)
material_override = ExtResource("1_5unws")
size = Vector3(5, 2, 1)

[node name="CSGBox3D62" type="CSGBox3D" parent="."]
transform = Transform3D(1, 0, 0, 0, 1, 0, 0, 0, 1, -9.5, 1, -6.5)
material_override = ExtResource("1_5unws")
size = Vector3(1, 2, 5)

[node name="CSGBox3D36" type="CSGBox3D" parent="."]
transform = Transform3D(1, 0, 0, 0, 1, 0, 0, 0, 1, 2, 3, -3.5)
material_override = ExtResource("1_5unws")
size = Vector3(4, 6, 1)

[node name="CSGBox3D53" type="CSGBox3D" parent="."]
transform = Transform3D(1, 0, 0, 0, 1, 0, 0, 0, 1, -8, 3, -3.5)
material_override = ExtResource("1_5unws")
size = Vector3(6, 6, 1)

[node name="CSGBox3D55" type="CSGBox3D" parent="."]
transform = Transform3D(1, 0, 0, 0, 1, 0, 0, 0, 1, -2.5, 4.5, -3.5)
material_override = ExtResource("1_5unws")
size = Vector3(5, 3, 1)

[node name="CSGBox3D60" type="CSGBox3D" parent="."]
transform = Transform3D(1, 0, 0, 0, 1, 0, 0, 0, 1, -7.5, 0.5, -2.5)
material_override = ExtResource("1_5unws")
size = Vector3(5, 1, 1)

[node name="CSGBox3D61" type="CSGBox3D" parent="."]
transform = Transform3D(1, 0, 0, 0, 1, 0, 0, 0, 1, 1, 0.5, -2.5)
material_override = ExtResource("1_5unws")
size = Vector3(2, 1, 1)

[node name="CSGBox3D37" type="CSGBox3D" parent="."]
transform = Transform3D(1, 0, 0, 0, 1, 0, 0, 0, 1, -9, 3, 11.5)
material_override = ExtResource("1_5unws")
size = Vector3(6, 6, 1)

[node name="CSGBox3D54" type="CSGBox3D" parent="."]
transform = Transform3D(1, 0, 0, 0, 1, 0, 0, 0, 1, 2.5, 3, 11.5)
material_override = ExtResource("1_5unws")
size = Vector3(1, 6, 1)

[node name="CSGBox3D40" type="CSGBox3D" parent="."]
transform = Transform3D(1, 0, 0, 0, 1, 0, 0, 0, 1, -3.5, 0.5, 10.5)
material_override = ExtResource("1_5unws")
size = Vector3(13, 1, 1)

[node name="CSGBox3D50" type="CSGBox3D" parent="."]
transform = Transform3D(1, 0, 0, 0, 1, 0, 0, 0, 1, -2, 1, 11.5)
material_override = ExtResource("1_5unws")
size = Vector3(8, 2, 1)

[node name="CSGBox3D51" type="CSGBox3D" parent="."]
transform = Transform3D(1, 0, 0, 0, 1, 0, 0, 0, 1, -2, 4.5, 11.5)
material_override = ExtResource("1_5unws")
size = Vector3(8, 3, 1)

[node name="CSGBox3D38" type="CSGBox3D" parent="."]
transform = Transform3D(1, 0, 0, 0, 1, 0, 0, 0, 1, 3.5, 3, 10)
material_override = ExtResource("1_5unws")
size = Vector3(1, 6, 4)

[node name="CSGBox3D43" type="CSGBox3D" parent="."]
transform = Transform3D(1, 0, 0, 0, 1, 0, 0, 0, 1, 2.5, 0.5, 3.5)
material_override = ExtResource("1_5unws")
size = Vector3(1, 1, 13)

[node name="CSGBox3D49" type="CSGBox3D" parent="."]
transform = Transform3D(1, 0, 0, 0, 1, 0, 0, 0, 1, 3.5, 1, 3.5)
material_override = ExtResource("1_5unws")
size = Vector3(1, 2, 9)

[node name="CSGBox3D44" type="CSGBox3D" parent="."]
transform = Transform3D(1, 0, 0, 0, 1, 0, 0, 0, 1, 3.5, 4.5, 3.5)
material_override = ExtResource("1_5unws")
size = Vector3(1, 3, 9)

[node name="CSGBox3D42" type="CSGBox3D" parent="."]
transform = Transform3D(1, 0, 0, 0, 1, 0, 0, 0, 1, 3.5, 3, -2)
material_override = ExtResource("1_5unws")
size = Vector3(1, 6, 2)

[node name="CSGBox3D39" type="CSGBox3D" parent="."]
transform = Transform3D(1, 0, 0, 0, 1, 0, 0, 0, 1, -11.5, 3, -1.5)
material_override = ExtResource("1_5unws")
size = Vector3(1, 6, 5)

[node name="CSGBox3D56" type="CSGBox3D" parent="."]
transform = Transform3D(1, 0, 0, 0, 1, 0, 0, 0, 1, -11.5, 3, 9)
material_override = ExtResource("1_5unws")
size = Vector3(1, 6, 4)

[node name="CSGBox3D57" type="CSGBox3D" parent="."]
transform = Transform3D(1, 0, 0, 0, 1, 0, 0, 0, 1, -11.5, 4.5, 4)
material_override = ExtResource("1_5unws")
size = Vector3(1, 3, 6)

[node name="CSGBox3D58" type="CSGBox3D" parent="."]
transform = Transform3D(1, 0, 0, 0, 1, 0, 0, 0, 1, -10.5, 0.5, 4)
material_override = ExtResource("1_5unws")
size = Vector3(1, 1, 14)

[node name="CSGBox3D59" type="CSGBox3D" parent="."]
transform = Transform3D(1, 0, 0, 0, 1, 0, 0, 0, 1, -11.5, 1, 4)
material_override = ExtResource("1_5unws")
size = Vector3(1, 2, 6)

[node name="CSGBox3D45" type="CSGBox3D" parent="."]
transform = Transform3D(1, 0, 0, 0, 1, 0, 0, 0, 1, -7, 6.5, -1)
material_override = ExtResource("1_5unws")
size = Vector3(10, 1, 6)

[node name="CSGBox3D46" type="CSGBox3D" parent="."]
transform = Transform3D(1, 0, 0, 0, 1, 0, 0, 0, 1, 0, 7, 8)
material_override = ExtResource("1_5unws")
size = Vector3(8, 2, 8)

[node name="CSGBox3D47" type="CSGBox3D" parent="."]
transform = Transform3D(1, 0, 0, 0, 1, 0, 0, 0, 1, -8, 7.5, 7)
material_override = ExtResource("1_5unws")
size = Vector3(8, 3, 10)

[node name="CSGBox3D48" type="CSGBox3D" parent="."]
transform = Transform3D(1, 0, 0, 0, 1, 0, 0, 0, 1, 1, 7, 0)
material_override = ExtResource("1_5unws")
size = Vector3(6, 2, 8)

[node name="CSGBox3D67" type="CSGBox3D" parent="."]
transform = Transform3D(1, 0, 0, 0, 1, 0, 0, 0, 1, -1, 3, 3)
material_override = ExtResource("1_5unws")
size = Vector3(2, 6, 2)
