[gd_scene load_steps=2 format=3 uid="uid://b57ov38kjbvns"]

[ext_resource type="Material" uid="uid://bk1jki3qc31vu" path="res://textures/resources/CSG.tres" id="1_odfch"]

[node name="minitile_1x1_1" type="Node3D"]

[node name="CSGBox3D" type="CSGBox3D" parent="."]
transform = Transform3D(1, 0, 0, 0, 1, 0, 0, 0, 1, 0, -25, 0)
material_override = ExtResource("1_odfch")
size = Vector3(8, 50, 8)

[node name="CSGBox3D36" type="CSGBox3D" parent="."]
transform = Transform3D(1, 0, 0, 0, 1, 0, 0, 0, 1, 3, 3, -3.5)
material_override = ExtResource("1_odfch")
size = Vector3(2, 6, 1)

[node name="CSGBox3D53" type="CSGBox3D" parent="."]
transform = Transform3D(1, 0, 0, 0, 1, 0, 0, 0, 1, -2, 3, -3.5)
material_override = ExtResource("1_odfch")
size = Vector3(2, 6, 1)

[node name="CSGBox3D55" type="CSGBox3D" parent="."]
transform = Transform3D(1, 0, 0, 0, 1, 0, 0, 0, 1, 0.5, 4.5, -3.5)
material_override = ExtResource("1_odfch")
size = Vector3(3, 3, 1)

[node name="CSGBox3D59" type="CSGBox3D" parent="."]
transform = Transform3D(1, 0, 0, 0, 1, 0, 0, 0, 1, 0.5, 1, -3.5)
material_override = ExtResource("1_odfch")
size = Vector3(3, 2, 1)

[node name="CSGBox3D37" type="CSGBox3D" parent="."]
transform = Transform3D(1, 0, 0, 0, 1, 0, 0, 0, 1, -1.5, 3, 3.5)
material_override = ExtResource("1_odfch")
size = Vector3(5, 6, 1)

[node name="CSGBox3D40" type="CSGBox3D" parent="."]
transform = Transform3D(1, 0, 0, 0, 1, 0, 0, 0, 1, 0.5, 0.5, 2.5)
material_override = ExtResource("1_odfch")
size = Vector3(5, 1, 1)

[node name="CSGBox3D51" type="CSGBox3D" parent="."]
transform = Transform3D(1, 0, 0, 0, 1, 0, 0, 0, 1, 2, 4, 3.5)
material_override = ExtResource("1_odfch")
size = Vector3(2, 2, 1)

[node name="CSGBox3D52" type="CSGBox3D" parent="."]
transform = Transform3D(1, 0, 0, 0, 1, 0, 0, 0, 1, 2, 1, 3.5)
material_override = ExtResource("1_odfch")
size = Vector3(2, 2, 1)

[node name="CSGBox3D41" type="CSGBox3D" parent="."]
transform = Transform3D(1, 0, 0, 0, 1, 0, 0, 0, 1, 2, 5.5, 3.5)
material_override = ExtResource("1_odfch")
size = Vector3(2, 1, 1)

[node name="CSGBox3D38" type="CSGBox3D" parent="."]
transform = Transform3D(1, 0, 0, 0, 1, 0, 0, 0, 1, 3.5, 3, 3)
material_override = ExtResource("1_odfch")
size = Vector3(1, 6, 2)

[node name="CSGBox3D43" type="CSGBox3D" parent="."]
transform = Transform3D(1, 0, 0, 0, 1, 0, 0, 0, 1, 2.5, 0.5, -0.5)
material_override = ExtResource("1_odfch")
size = Vector3(1, 1, 5)

[node name="CSGBox3D49" type="CSGBox3D" parent="."]
transform = Transform3D(1, 0, 0, 0, 1, 0, 0, 0, 1, 3.5, 1, 0)
material_override = ExtResource("1_odfch")
size = Vector3(1, 2, 4)

[node name="CSGBox3D44" type="CSGBox3D" parent="."]
transform = Transform3D(1, 0, 0, 0, 1, 0, 0, 0, 1, 3.5, 5.5, 0)
material_override = ExtResource("1_odfch")
size = Vector3(1, 1, 4)

[node name="CSGBox3D42" type="CSGBox3D" parent="."]
transform = Transform3D(1, 0, 0, 0, 1, 0, 0, 0, 1, 3.5, 3, -2.5)
material_override = ExtResource("1_odfch")
size = Vector3(1, 6, 1)

[node name="CSGBox3D39" type="CSGBox3D" parent="."]
transform = Transform3D(1, 0, 0, 0, 1, 0, 0, 0, 1, -3.5, 3, -2.5)
material_override = ExtResource("1_odfch")
size = Vector3(1, 6, 3)

[node name="CSGBox3D56" type="CSGBox3D" parent="."]
transform = Transform3D(1, 0, 0, 0, 1, 0, 0, 0, 1, -3.5, 3, 2)
material_override = ExtResource("1_odfch")
size = Vector3(1, 6, 2)

[node name="CSGBox3D60" type="CSGBox3D" parent="."]
transform = Transform3D(1, 0, 0, 0, 1, 0, 0, 0, 1, -2.5, 0.5, 2)
material_override = ExtResource("1_odfch")
size = Vector3(1, 1, 2)

[node name="CSGBox3D57" type="CSGBox3D" parent="."]
transform = Transform3D(1, 0, 0, 0, 1, 0, 0, 0, 1, -3.5, 4.5, 0)
material_override = ExtResource("1_odfch")
size = Vector3(1, 3, 2)

[node name="CSGBox3D58" type="CSGBox3D" parent="."]
transform = Transform3D(1, 0, 0, 0, 1, 0, 0, 0, 1, -0.5, 0.5, -2.5)
material_override = ExtResource("1_odfch")
size = Vector3(5, 1, 1)

[node name="CSGBox3D45" type="CSGBox3D" parent="."]
transform = Transform3D(1, 0, 0, 0, 1, 0, 0, 0, 1, -1.5, 7, -2)
material_override = ExtResource("1_odfch")
size = Vector3(5, 2, 4)

[node name="CSGBox3D46" type="CSGBox3D" parent="."]
transform = Transform3D(1, 0, 0, 0, 1, 0, 0, 0, 1, 1.5, 7.5, 3)
material_override = ExtResource("1_odfch")
size = Vector3(5, 3, 2)

[node name="CSGBox3D47" type="CSGBox3D" parent="."]
transform = Transform3D(1, 0, 0, 0, 1, 0, 0, 0, 1, -2.5, 6.5, 2)
material_override = ExtResource("1_odfch")
size = Vector3(3, 1, 4)

[node name="CSGBox3D48" type="CSGBox3D" parent="."]
transform = Transform3D(1, 0, 0, 0, 1, 0, 0, 0, 1, 2.5, 6.5, -1)
material_override = ExtResource("1_odfch")
size = Vector3(3, 1, 6)
