[gd_scene load_steps=2 format=3 uid="uid://bdofro3nf12q8"]

[ext_resource type="Material" uid="uid://bk1jki3qc31vu" path="res://textures/resources/CSG.tres" id="3_eh88t"]

[node name="minitile_1x3_1" type="Node3D"]

[node name="CSGBox3D" type="CSGBox3D" parent="."]
transform = Transform3D(1, 0, 0, 0, 1, 0, 0, 0, 1, 0, -25, 0)
size = Vector3(8, 50, 24)
material = ExtResource("3_eh88t")

[node name="CSGBox3D10" type="CSGBox3D" parent="."]
transform = Transform3D(1, 0, 0, 0, 1, 0, 0, 0, 1, 0, 5.5, -2.5)
size = Vector3(8, 1, 1)
material = ExtResource("3_eh88t")

[node name="CSGBox3D11" type="CSGBox3D" parent="."]
transform = Transform3D(1, 0, 0, 0, 1, 0, 0, 0, 1, -3.5, 2.5, -2.5)
size = Vector3(1, 5, 1)
material = ExtResource("3_eh88t")

[node name="CSGBox3D12" type="CSGBox3D" parent="."]
transform = Transform3D(1, 0, 0, 0, 1, 0, 0, 0, 1, 0, 5.5, 0.5)
size = Vector3(8, 1, 1)
material = ExtResource("3_eh88t")

[node name="CSGBox3D13" type="CSGBox3D" parent="."]
transform = Transform3D(1, 0, 0, 0, 1, 0, 0, 0, 1, -3.5, 2.5, 0.5)
size = Vector3(1, 5, 1)
material = ExtResource("3_eh88t")

[node name="CSGBox3D14" type="CSGBox3D" parent="."]
transform = Transform3D(1, 0, 0, 0, 1, 0, 0, 0, 1, 0, 5.5, 3.5)
size = Vector3(8, 1, 1)
material = ExtResource("3_eh88t")

[node name="CSGBox3D15" type="CSGBox3D" parent="."]
transform = Transform3D(1, 0, 0, 0, 1, 0, 0, 0, 1, -3.5, 2.5, 3.5)
size = Vector3(1, 5, 1)
material = ExtResource("3_eh88t")

[node name="CSGBox3D16" type="CSGBox3D" parent="."]
transform = Transform3D(1, 0, 0, 0, 1, 0, 0, 0, 1, 0, 5.5, 6.5)
size = Vector3(8, 1, 1)
material = ExtResource("3_eh88t")

[node name="CSGBox3D17" type="CSGBox3D" parent="."]
transform = Transform3D(1, 0, 0, 0, 1, 0, 0, 0, 1, -3.5, 2.5, 6.5)
size = Vector3(1, 5, 1)
material = ExtResource("3_eh88t")

[node name="CSGBox3D3" type="CSGBox3D" parent="."]
transform = Transform3D(1, 0, 0, 0, 1, 0, 0, 0, 1, -2.5, 3, 10.5)
size = Vector3(3, 6, 3)
material = ExtResource("3_eh88t")

[node name="CSGBox3D4" type="CSGBox3D" parent="."]
transform = Transform3D(1, 0, 0, 0, 1, 0, 0, 0, 1, 1.5, 4.5, 10.5)
size = Vector3(5, 3, 3)
material = ExtResource("3_eh88t")
