[gd_scene load_steps=2 format=3 uid="uid://dr0es65g165xa"]

[ext_resource type="Material" uid="uid://bk1jki3qc31vu" path="res://textures/resources/CSG.tres" id="1_sv1ff"]

[node name="minitile_2x5_1" type="Node3D"]

[node name="CSGBox3D" type="CSGBox3D" parent="."]
transform = Transform3D(1, 0, 0, 0, 1, 0, 0, 0, 1, 0, -25, 0)
material_override = ExtResource("1_sv1ff")
size = Vector3(16, 50, 40)

[node name="CSGBox3D2" type="CSGBox3D" parent="."]
transform = Transform3D(1, 0, 0, 0, 1, 0, 0, 0, 1, -7, 1, 8)
material_override = ExtResource("1_sv1ff")
size = Vector3(2, 2, 24)

[node name="CSGBox3D10" type="CSGBox3D" parent="."]
transform = Transform3D(1, 0, 0, 0, 1, 0, 0, 0, 1, -7, 1, -15)
material_override = ExtResource("1_sv1ff")
size = Vector3(2, 2, 10)

[node name="CSGBox3D14" type="CSGBox3D" parent="."]
transform = Transform3D(1, 0, 0, 0, 1, 0, 0, 0, 1, 7, 1, -16)
material_override = ExtResource("1_sv1ff")
size = Vector3(2, 2, 4)

[node name="CSGBox3D15" type="CSGBox3D" parent="."]
transform = Transform3D(1, 0, 0, 0, 1, 0, 0, 0, 1, 0, 1, -15)
material_override = ExtResource("1_sv1ff")
size = Vector3(8, 2, 2)

[node name="CSGBox3D4" type="CSGBox3D" parent="."]
transform = Transform3D(1, 0, 0, 0, 1, 0, 0, 0, 1, -3, 1, 9)
material_override = ExtResource("1_sv1ff")
size = Vector3(2, 2, 14)

[node name="CSGBox3D11" type="CSGBox3D" parent="."]
transform = Transform3D(1, 0, 0, 0, 1, 0, 0, 0, 1, 1, 1, 11)
material_override = ExtResource("1_sv1ff")
size = Vector3(2, 2, 14)

[node name="CSGBox3D12" type="CSGBox3D" parent="."]
transform = Transform3D(1, 0, 0, 0, 1, 0, 0, 0, 1, 5, 1, 13)
material_override = ExtResource("1_sv1ff")
size = Vector3(2, 2, 6)

[node name="CSGBox3D9" type="CSGBox3D" parent="."]
transform = Transform3D(1, 0, 0, 0, 1, 0, 0, 0, 1, 1, 1, 19)
material_override = ExtResource("1_sv1ff")
size = Vector3(10, 2, 2)

[node name="CSGBox3D7" type="CSGBox3D" parent="."]
transform = Transform3D(1, 0, 0, 0, 1, 0, 0, 0, 1, -2, 1, -3)
material_override = ExtResource("1_sv1ff")
size = Vector3(8, 2, 2)

[node name="CSGBox3D8" type="CSGBox3D" parent="."]
transform = Transform3D(1, 0, 0, 0, 1, 0, 0, 0, 1, 0, 1, 1)
material_override = ExtResource("1_sv1ff")
size = Vector3(8, 2, 2)

[node name="CSGBox3D5" type="CSGBox3D" parent="."]
transform = Transform3D(1, 0, 0, 0, 1, 0, 0, 0, 1, 0, 1, -7)
material_override = ExtResource("1_sv1ff")
size = Vector3(12, 2, 2)

[node name="CSGBox3D6" type="CSGBox3D" parent="."]
transform = Transform3D(1, 0, 0, 0, 1, 0, 0, 0, 1, 5, 1, 1)
material_override = ExtResource("1_sv1ff")
size = Vector3(2, 2, 14)

[node name="CSGBox3D3" type="CSGBox3D" parent="."]
transform = Transform3D(1, 0, 0, 0, 1, 0, 0, 0, 1, 1, 1, -11)
material_override = ExtResource("1_sv1ff")
size = Vector3(14, 2, 2)

[node name="CSGBox3D13" type="CSGBox3D" parent="."]
transform = Transform3D(1, 0, 0, 0, 1, 0, 0, 0, 1, 2, 1, -19)
material_override = ExtResource("1_sv1ff")
size = Vector3(12, 2, 2)
