[gd_scene load_steps=2 format=3 uid="uid://dyy6s47wadxpe"]

[ext_resource type="Material" uid="uid://bk1jki3qc31vu" path="res://textures/resources/CSG.tres" id="1_qedfs"]

[node name="minitile_1x5_1" type="Node3D"]

[node name="CSGBox3D" type="CSGBox3D" parent="."]
transform = Transform3D(1, 0, 0, 0, 1, 0, 0, 0, 1, 0, -25, 0)
size = Vector3(8, 50, 40)
material = ExtResource("1_qedfs")

[node name="CSGBox3D2" type="CSGBox3D" parent="."]
transform = Transform3D(1, 0, 0, 0, 1, 0, 0, 0, 1, -3, 1, 15)
material_override = ExtResource("1_qedfs")
size = Vector3(2, 2, 10)

[node name="CSGBox3D13" type="CSGBox3D" parent="."]
transform = Transform3D(1, 0, 0, 0, 1, 0, 0, 0, 1, 1, 1, 16)
material_override = ExtResource("1_qedfs")
size = Vector3(2, 2, 8)

[node name="CSGBox3D4" type="CSGBox3D" parent="."]
transform = Transform3D(1, 0, 0, 0, 1, 0, 0, 0, 1, -1, 1, 5)
material_override = ExtResource("1_qedfs")
size = Vector3(2, 2, 2)

[node name="CSGBox3D9" type="CSGBox3D" parent="."]
transform = Transform3D(1, 0, 0, 0, 1, 0, 0, 0, 1, 0, 1, 9)
material_override = ExtResource("1_qedfs")
size = Vector3(8, 2, 2)

[node name="CSGBox3D7" type="CSGBox3D" parent="."]
transform = Transform3D(1, 0, 0, 0, 1, 0, 0, 0, 1, 0, 1, -1)
material_override = ExtResource("1_qedfs")
size = Vector3(4, 2, 2)

[node name="CSGBox3D8" type="CSGBox3D" parent="."]
transform = Transform3D(1, 0, 0, 0, 1, 0, 0, 0, 1, -2, 1, 3)
material_override = ExtResource("1_qedfs")
size = Vector3(4, 2, 2)

[node name="CSGBox3D5" type="CSGBox3D" parent="."]
transform = Transform3D(1, 0, 0, 0, 1, 0, 0, 0, 1, -2, 1, -6)
material_override = ExtResource("1_qedfs")
size = Vector3(4, 2, 4)

[node name="CSGBox3D6" type="CSGBox3D" parent="."]
transform = Transform3D(1, 0, 0, 0, 1, 0, 0, 0, 1, 3, 1, 0)
material_override = ExtResource("1_qedfs")
size = Vector3(2, 2, 16)

[node name="CSGBox3D3" type="CSGBox3D" parent="."]
transform = Transform3D(1, 0, 0, 0, 1, 0, 0, 0, 1, 1, 1, -11)
material_override = ExtResource("1_qedfs")
size = Vector3(6, 2, 2)

[node name="CSGBox3D10" type="CSGBox3D" parent="."]
transform = Transform3D(1, 0, 0, 0, 1, 0, 0, 0, 1, -1, 1, -15)
material_override = ExtResource("1_qedfs")
size = Vector3(6, 2, 2)

[node name="CSGBox3D11" type="CSGBox3D" parent="."]
transform = Transform3D(1, 0, 0, 0, 1, 0, 0, 0, 1, -1, 1, -19)
material_override = ExtResource("1_qedfs")
size = Vector3(6, 2, 2)

[node name="CSGBox3D12" type="CSGBox3D" parent="."]
transform = Transform3D(1, 0, 0, 0, 1, 0, 0, 0, 1, -3, 1, -17)
material_override = ExtResource("1_qedfs")
size = Vector3(2, 2, 2)
