[gd_scene load_steps=2 format=3 uid="uid://l3068v0w2amq"]

[ext_resource type="Material" uid="uid://bk1jki3qc31vu" path="res://textures/resources/CSG.tres" id="1_pygeg"]

[node name="minitile_2x5_1" type="Node3D"]

[node name="CSGBox3D10" type="CSGBox3D" parent="."]
transform = Transform3D(1, 0, 0, 0, 1, 0, 0, 0, 1, 0, 0.5, 2)
material_override = ExtResource("1_pygeg")
size = Vector3(14, 1, 18)

[node name="CSGBox3D12" type="CSGBox3D" parent="."]
transform = Transform3D(1, 0, 0, 0, 1, 0, 0, 0, 1, 1.5, 1.5, -1)
material_override = ExtResource("1_pygeg")
size = Vector3(9, 1, 12)

[node name="CSGBox3D13" type="CSGBox3D" parent="."]
transform = Transform3D(1, 0, 0, 0, 1, 0, 0, 0, 1, 1.5, 2.5, 0.5)
material_override = ExtResource("1_pygeg")
size = Vector3(5, 1, 5)

[node name="CSGBox3D11" type="CSGBox3D" parent="."]
transform = Transform3D(1, 0, 0, 0, 1, 0, 0, 0, 1, -1.5, 0.5, -12.5)
material_override = ExtResource("1_pygeg")
size = Vector3(13, 1, 11)

[node name="CSGBox3D14" type="CSGBox3D" parent="."]
transform = Transform3D(1, 0, 0, 0, 1, 0, 0, 0, 1, -2.5, 1.5, -11)
material_override = ExtResource("1_pygeg")
size = Vector3(9, 1, 8)

[node name="CSGBox3D15" type="CSGBox3D" parent="."]
transform = Transform3D(1, 0, 0, 0, 1, 0, 0, 0, 1, -3, 2.5, -12)
material_override = ExtResource("1_pygeg")
size = Vector3(6, 1, 6)

[node name="CSGBox3D" type="CSGBox3D" parent="."]
transform = Transform3D(1, 0, 0, 0, 1, 0, 0, 0, 1, 0, -25, 0)
material_override = ExtResource("1_pygeg")
size = Vector3(16, 50, 40)

[node name="CSGBox3D7" type="CSGBox3D" parent="."]
transform = Transform3D(1, 0, 0, 0, 1, 0, 0, 0, 1, -6.5, 5, -11.5)
material_override = ExtResource("1_pygeg")
size = Vector3(3, 8, 3)

[node name="CSGBox3D8" type="CSGBox3D" parent="."]
transform = Transform3D(1, 0, 0, 0, 1, 0, 0, 0, 1, -6.5, 12, -11.5)
material_override = ExtResource("1_pygeg")
size = Vector3(3, 2, 3)

[node name="CSGBox3D9" type="CSGBox3D" parent="."]
transform = Transform3D(1, 0, 0, 0, 1, 0, 0, 0, 1, -6.5, 10, -11.5)
material_override = ExtResource("1_pygeg")
size = Vector3(1, 2, 1)
