[gd_scene load_steps=2 format=3 uid="uid://bjaptru5px1l6"]

[ext_resource type="Material" uid="uid://bk1jki3qc31vu" path="res://textures/resources/CSG.tres" id="1_g4221"]

[node name="minitile_3x3_1" type="Node3D"]

[node name="CSGBox3D" type="CSGBox3D" parent="."]
transform = Transform3D(1, 0, 0, 0, 1, 0, 0, 0, 1, 0, -25, 0)
material_override = ExtResource("1_g4221")
size = Vector3(24, 50, 24)

[node name="CSGBox3D3" type="CSGBox3D" parent="."]
transform = Transform3D(1, 0, 0, 0, 1, 0, 0, 0, 1, -1, 5.5, -9.5)
material_override = ExtResource("1_g4221")
size = Vector3(14, 5, 1)

[node name="CSGBox3D4" type="CSGBox3D" parent="."]
transform = Transform3D(1, 0, 0, 0, 1, 0, 0, 0, 1, -5, 11.5, -8)
material_override = ExtResource("1_g4221")
size = Vector3(2, 21, 2)

[node name="CSGBox3D6" type="CSGBox3D" parent="."]
transform = Transform3D(1, 0, 0, 0, 1, 0, 0, 0, 1, -5, 0.5, 1)
material_override = ExtResource("1_g4221")
size = Vector3(4, 1, 22)

[node name="CSGBox3D5" type="CSGBox3D" parent="."]
transform = Transform3D(1, 0, 0, 0, 1, 0, 0, 0, 1, -5.5, 24.5, -8.5)
material_override = ExtResource("1_g4221")
size = Vector3(1, 5, 1)

[node name="CSGBox3D9" type="CSGBox3D" parent="."]
transform = Transform3D(1, 0, 0, 0, 1, 0, 0, 0, 1, -6.5, 14.5, -2.5)
material_override = ExtResource("1_g4221")
size = Vector3(1, 9, 17)

[node name="CSGBox3D2" type="CSGBox3D" parent="."]
transform = Transform3D(1, 0, 0, 0, 1, 0, 0, 0, 1, 6.5, 10, -2.5)
material_override = ExtResource("1_g4221")
size = Vector3(9, 4, 1)

[node name="CSGBox3D7" type="CSGBox3D" parent="."]
transform = Transform3D(1, 0, 0, 0, 1, 0, 0, 0, 1, 4, 7, -1)
material_override = ExtResource("1_g4221")
size = Vector3(2, 12, 2)

[node name="CSGBox3D8" type="CSGBox3D" parent="."]
transform = Transform3D(1, 0, 0, 0, 1, 0, 0, 0, 1, 4.5, 0.5, -1)
material_override = ExtResource("1_g4221")
size = Vector3(3, 1, 4)

[node name="CSGBox3D11" type="CSGBox3D" parent="."]
transform = Transform3D(1, 0, 0, 0, 1, 0, 0, 0, 1, -5, 1.5, 2.5)
material_override = ExtResource("1_g4221")
size = Vector3(2, 1, 19)

[node name="CSGBox3D12" type="CSGBox3D" parent="."]
transform = Transform3D(1, 0, 0, 0, 1, 0, 0, 0, 1, 3.5, 16, -1.5)
material_override = ExtResource("1_g4221")
size = Vector3(1, 6, 1)

[node name="CSGBox3D13" type="CSGBox3D" parent="."]
transform = Transform3D(1, 0, 0, 0, 1, 0, 0, 0, 1, 2.5, 2.5, 2.5)
material_override = ExtResource("1_g4221")
size = Vector3(1, 5, 13)
