[gd_scene load_steps=2 format=3 uid="uid://cod6spr82a6vt"]

[ext_resource type="Material" uid="uid://bk1jki3qc31vu" path="res://textures/resources/CSG.tres" id="1_jj2uc"]

[node name="minitile_1x5_1" type="Node3D"]

[node name="CSGBox3D" type="CSGBox3D" parent="."]
transform = Transform3D(1, 0, 0, 0, 1, 0, 0, 0, 1, 0, -25, 0)
material_override = ExtResource("1_jj2uc")
size = Vector3(8, 50, 40)

[node name="CSGBox3D53" type="CSGBox3D" parent="."]
transform = Transform3D(1, 0, 0, 0, 1, 0, 0, 0, 1, 3, 2.5, -4.5)
material_override = ExtResource("1_jj2uc")
size = Vector3(2, 3, 1)

[node name="CSGBox3D86" type="CSGBox3D" parent="."]
transform = Transform3D(1, 0, 0, 0, 1, 0, 0, 0, 1, 3.5, 1.5, -7)
material_override = ExtResource("1_jj2uc")
size = Vector3(1, 3, 2)

[node name="CSGBox3D102" type="CSGBox3D" parent="."]
transform = Transform3D(1, 0, 0, 0, 1, 0, 0, 0, 1, 3.5, 1.5, -14)
material_override = ExtResource("1_jj2uc")
size = Vector3(1, 3, 2)

[node name="CSGBox3D103" type="CSGBox3D" parent="."]
transform = Transform3D(1, 0, 0, 0, 1, 0, 0, 0, 1, 3.5, 2.5, -18)
material_override = ExtResource("1_jj2uc")
size = Vector3(1, 3, 2)

[node name="CSGBox3D87" type="CSGBox3D" parent="."]
transform = Transform3D(1, 0, 0, 0, 1, 0, 0, 0, 1, 3.5, 2.5, -10.5)
material_override = ExtResource("1_jj2uc")
size = Vector3(1, 3, 3)

[node name="CSGBox3D88" type="CSGBox3D" parent="."]
transform = Transform3D(1, 0, 0, 0, 1, 0, 0, 0, 1, 3, 2.5, -19.5)
material_override = ExtResource("1_jj2uc")
size = Vector3(2, 3, 1)

[node name="CSGBox3D89" type="CSGBox3D" parent="."]
transform = Transform3D(1, 0, 0, 0, 1, 0, 0, 0, 1, 0, 1.5, -19.5)
material_override = ExtResource("1_jj2uc")
size = Vector3(2, 3, 1)

[node name="CSGBox3D90" type="CSGBox3D" parent="."]
transform = Transform3D(1, 0, 0, 0, 1, 0, 0, 0, 1, -2.5, 1.5, 3.5)
material_override = ExtResource("1_jj2uc")
size = Vector3(1, 3, 9)

[node name="CSGBox3D111" type="CSGBox3D" parent="."]
transform = Transform3D(1, 0, 0, 0, 1, 0, 0, 0, 1, 2.5, 1.5, 2.5)
material_override = ExtResource("1_jj2uc")
size = Vector3(1, 3, 9)

[node name="CSGBox3D91" type="CSGBox3D" parent="."]
transform = Transform3D(1, 0, 0, 0, 1, 0, 0, 0, 1, 0, 11.5, -6.5)
material_override = ExtResource("1_jj2uc")
size = Vector3(2, 13, 1)

[node name="CSGBox3D93" type="CSGBox3D" parent="."]
transform = Transform3D(1, 0, 0, 0, 1, 0, 0, 0, 1, -3, 2.5, -19.5)
material_override = ExtResource("1_jj2uc")
size = Vector3(2, 3, 1)

[node name="CSGBox3D94" type="CSGBox3D" parent="."]
transform = Transform3D(1, 0, 0, 0, 1, 0, 0, 0, 1, -3.5, 2.5, -17.5)
material_override = ExtResource("1_jj2uc")
size = Vector3(1, 3, 3)

[node name="CSGBox3D110" type="CSGBox3D" parent="."]
transform = Transform3D(1, 0, 0, 0, 1, 0, 0, 0, 1, -3.5, 2.5, -10.5)
material_override = ExtResource("1_jj2uc")
size = Vector3(1, 3, 3)

[node name="CSGBox3D95" type="CSGBox3D" parent="."]
transform = Transform3D(1, 0, 0, 0, 1, 0, 0, 0, 1, -3.5, 1.5, -7.5)
material_override = ExtResource("1_jj2uc")
size = Vector3(1, 3, 1)

[node name="CSGBox3D104" type="CSGBox3D" parent="."]
transform = Transform3D(1, 0, 0, 0, 1, 0, 0, 0, 1, -3.5, 1.5, -14)
material_override = ExtResource("1_jj2uc")
size = Vector3(1, 3, 2)

[node name="CSGBox3D96" type="CSGBox3D" parent="."]
transform = Transform3D(1, 0, 0, 0, 1, 0, 0, 0, 1, -3.5, 2.5, -5)
material_override = ExtResource("1_jj2uc")
size = Vector3(1, 3, 2)

[node name="CSGBox3D97" type="CSGBox3D" parent="."]
transform = Transform3D(1, 0, 0, 0, 1, 0, 0, 0, 1, -2.5, 2.5, -4.5)
material_override = ExtResource("1_jj2uc")
size = Vector3(1, 3, 1)

[node name="CSGBox3D51" type="CSGBox3D" parent="."]
transform = Transform3D(1, 0, 0, 0, 1, 0, 0, 0, 1, 0, 4.5, -12)
material_override = ExtResource("1_jj2uc")
size = Vector3(8, 1, 16)

[node name="CSGBox3D54" type="CSGBox3D" parent="."]
transform = Transform3D(1, 0, 0, 0, 1, 0, 0, 0, 1, 3, 7.5, -4.5)
material_override = ExtResource("1_jj2uc")
size = Vector3(2, 3, 1)

[node name="CSGBox3D98" type="CSGBox3D" parent="."]
transform = Transform3D(1, 0, 0, 0, 1, 0, 0, 0, 1, 3.5, 6.5, -7)
material_override = ExtResource("1_jj2uc")
size = Vector3(1, 3, 2)

[node name="CSGBox3D99" type="CSGBox3D" parent="."]
transform = Transform3D(1, 0, 0, 0, 1, 0, 0, 0, 1, 3.5, 7.5, -10)
material_override = ExtResource("1_jj2uc")
size = Vector3(1, 3, 2)

[node name="CSGBox3D100" type="CSGBox3D" parent="."]
transform = Transform3D(1, 0, 0, 0, 1, 0, 0, 0, 1, 3, 7.5, -11.5)
material_override = ExtResource("1_jj2uc")
size = Vector3(2, 3, 1)

[node name="CSGBox3D101" type="CSGBox3D" parent="."]
transform = Transform3D(1, 0, 0, 0, 1, 0, 0, 0, 1, 0, 6.5, -11.5)
material_override = ExtResource("1_jj2uc")
size = Vector3(2, 3, 1)

[node name="CSGBox3D121" type="CSGBox3D" parent="."]
transform = Transform3D(1, 0, 0, 0, 1, 0, 0, 0, 1, 2, 6.5, -15.5)
material_override = ExtResource("1_jj2uc")
size = Vector3(2, 3, 1)

[node name="CSGBox3D122" type="CSGBox3D" parent="."]
transform = Transform3D(1, 0, 0, 0, 1, 0, 0, 0, 1, -2, 6.5, -15.5)
material_override = ExtResource("1_jj2uc")
size = Vector3(2, 3, 1)

[node name="CSGBox3D123" type="CSGBox3D" parent="."]
transform = Transform3D(1, 0, 0, 0, 1, 0, 0, 0, 1, 0, 6.5, -18.5)
material_override = ExtResource("1_jj2uc")
size = Vector3(2, 3, 1)

[node name="CSGBox3D105" type="CSGBox3D" parent="."]
transform = Transform3D(1, 0, 0, 0, 1, 0, 0, 0, 1, -3, 7.5, -11.5)
material_override = ExtResource("1_jj2uc")
size = Vector3(2, 3, 1)

[node name="CSGBox3D106" type="CSGBox3D" parent="."]
transform = Transform3D(1, 0, 0, 0, 1, 0, 0, 0, 1, -3.5, 7.5, -10.5)
material_override = ExtResource("1_jj2uc")
size = Vector3(1, 3, 1)

[node name="CSGBox3D107" type="CSGBox3D" parent="."]
transform = Transform3D(1, 0, 0, 0, 1, 0, 0, 0, 1, -2.5, 4.5, 3.5)
material_override = ExtResource("1_jj2uc")
size = Vector3(1, 3, 3)

[node name="CSGBox3D124" type="CSGBox3D" parent="."]
transform = Transform3D(1, 0, 0, 0, 1, 0, 0, 0, 1, 2.5, 4.5, 2.5)
material_override = ExtResource("1_jj2uc")
size = Vector3(1, 3, 3)

[node name="CSGBox3D108" type="CSGBox3D" parent="."]
transform = Transform3D(1, 0, 0, 0, 1, 0, 0, 0, 1, -3.5, 7.5, -5)
material_override = ExtResource("1_jj2uc")
size = Vector3(1, 3, 2)

[node name="CSGBox3D109" type="CSGBox3D" parent="."]
transform = Transform3D(1, 0, 0, 0, 1, 0, 0, 0, 1, -2.5, 7.5, -4.5)
material_override = ExtResource("1_jj2uc")
size = Vector3(1, 3, 1)

[node name="CSGBox3D58" type="CSGBox3D" parent="."]
transform = Transform3D(1, 0, 0, 0, 1, 0, 0, 0, 1, 0, 9.5, -11)
material_override = ExtResource("1_jj2uc")
size = Vector3(8, 1, 2)

[node name="CSGBox3D59" type="CSGBox3D" parent="."]
transform = Transform3D(1, 0, 0, 0, 1, 0, 0, 0, 1, 2.5, 9.5, -7)
material_override = ExtResource("1_jj2uc")
size = Vector3(3, 1, 6)

[node name="CSGBox3D60" type="CSGBox3D" parent="."]
transform = Transform3D(1, 0, 0, 0, 1, 0, 0, 0, 1, -2.5, 9.5, -7)
material_override = ExtResource("1_jj2uc")
size = Vector3(3, 1, 6)

[node name="CSGBox3D55" type="CSGBox3D" parent="."]
transform = Transform3D(1, 0, 0, 0, 1, 0, 0, 0, 1, 3.5, 3.5, 18)
material_override = ExtResource("1_jj2uc")
size = Vector3(1, 7, 2)

[node name="CSGBox3D112" type="CSGBox3D" parent="."]
transform = Transform3D(1, 0, 0, 0, 1, 0, 0, 0, 1, 3.5, 6.5, 13)
material_override = ExtResource("1_jj2uc")
size = Vector3(1, 5, 4)

[node name="CSGBox3D125" type="CSGBox3D" parent="."]
transform = Transform3D(1, 0, 0, 0, 1, 0, 0, 0, 1, 3.5, 1, 13.5)
material_override = ExtResource("1_jj2uc")
size = Vector3(1, 2, 7)

[node name="CSGBox3D120" type="CSGBox3D" parent="."]
transform = Transform3D(1, 0, 0, 0, 1, 0, 0, 0, 1, 0.5, 7, 14)
material_override = ExtResource("1_jj2uc")
size = Vector3(1, 14, 2)

[node name="CSGBox3D113" type="CSGBox3D" parent="."]
transform = Transform3D(1, 0, 0, 0, 1, 0, 0, 0, 1, 3, 6.5, 10.5)
material_override = ExtResource("1_jj2uc")
size = Vector3(2, 5, 1)

[node name="CSGBox3D114" type="CSGBox3D" parent="."]
transform = Transform3D(1, 0, 0, 0, 1, 0, 0, 0, 1, -3, 6.5, 10.5)
material_override = ExtResource("1_jj2uc")
size = Vector3(2, 5, 1)

[node name="CSGBox3D115" type="CSGBox3D" parent="."]
transform = Transform3D(1, 0, 0, 0, 1, 0, 0, 0, 1, -3.5, 6.5, 11.5)
material_override = ExtResource("1_jj2uc")
size = Vector3(1, 5, 1)

[node name="CSGBox3D116" type="CSGBox3D" parent="."]
transform = Transform3D(1, 0, 0, 0, 1, 0, 0, 0, 1, -3.5, 3.5, 14)
material_override = ExtResource("1_jj2uc")
size = Vector3(1, 7, 2)

[node name="CSGBox3D126" type="CSGBox3D" parent="."]
transform = Transform3D(1, 0, 0, 0, 1, 0, 0, 0, 1, -3.5, 1, 11.5)
material_override = ExtResource("1_jj2uc")
size = Vector3(1, 2, 3)

[node name="CSGBox3D127" type="CSGBox3D" parent="."]
transform = Transform3D(1, 0, 0, 0, 1, 0, 0, 0, 1, -3.5, 1, 17.5)
material_override = ExtResource("1_jj2uc")
size = Vector3(1, 2, 5)

[node name="CSGBox3D117" type="CSGBox3D" parent="."]
transform = Transform3D(1, 0, 0, 0, 1, 0, 0, 0, 1, -3.5, 6, 18)
material_override = ExtResource("1_jj2uc")
size = Vector3(1, 6, 4)

[node name="CSGBox3D118" type="CSGBox3D" parent="."]
transform = Transform3D(1, 0, 0, 0, 1, 0, 0, 0, 1, -2, 6, 19.5)
material_override = ExtResource("1_jj2uc")
size = Vector3(2, 6, 1)

[node name="CSGBox3D119" type="CSGBox3D" parent="."]
transform = Transform3D(1, 0, 0, 0, 1, 0, 0, 0, 1, 2, 3.5, 19.5)
material_override = ExtResource("1_jj2uc")
size = Vector3(4, 7, 1)

[node name="CSGBox3D61" type="CSGBox3D" parent="."]
transform = Transform3D(1, 0, 0, 0, 1, 0, 0, 0, 1, 0, 9.5, 15)
material_override = ExtResource("1_jj2uc")
size = Vector3(8, 1, 10)
