[gd_scene load_steps=2 format=3 uid="uid://bh2e7kd1sgxi8"]

[ext_resource type="Material" uid="uid://bk1jki3qc31vu" path="res://textures/resources/CSG.tres" id="1_md2vh"]

[node name="minitile_1x4_1" type="Node3D"]

[node name="CSGBox3D" type="CSGBox3D" parent="."]
transform = Transform3D(1, 0, 0, 0, 1, 0, 0, 0, 1, 0, -25, 0)
size = Vector3(8, 50, 32)
material = ExtResource("1_md2vh")

[node name="CSGBox3D6" type="CSGBox3D" parent="."]
transform = Transform3D(1, 0, 0, 0, 1, 0, 0, 0, 1, -0.5, 3.5, -0.5)
material_override = ExtResource("1_md2vh")
size = Vector3(1, 7, 3)

[node name="CSGBox3D7" type="CSGBox3D" parent="."]
transform = Transform3D(1, 0, 0, 0, 1, 0, 0, 0, 1, -0.5, 2.5, -0.5)
material_override = ExtResource("1_md2vh")
size = Vector3(5, 5, 1)

[node name="CSGBox3D4" type="CSGBox3D" parent="."]
transform = Transform3D(1, 0, 0, 0, 1, 0, 0, 0, 1, -0.5, 7.5, 0.5)
material_override = ExtResource("1_md2vh")
size = Vector3(1, 1, 5)

[node name="CSGBox3D5" type="CSGBox3D" parent="."]
transform = Transform3D(1, 0, 0, 0, 1, 0, 0, 0, 1, 1, 7.5, 2)
material_override = ExtResource("1_md2vh")
size = Vector3(2, 1, 2)

[node name="CSGBox3D8" type="CSGBox3D" parent="."]
transform = Transform3D(1, 0, 0, 0, 1, 0, 0, 0, 1, 1.5, 2.5, 8.5)
material_override = ExtResource("1_md2vh")
size = Vector3(1, 5, 3)

[node name="CSGBox3D12" type="CSGBox3D" parent="."]
transform = Transform3D(1, 0, 0, 0, 1, 0, 0, 0, 1, 1.5, 1.5, 10.5)
material_override = ExtResource("1_md2vh")
size = Vector3(1, 3, 1)

[node name="CSGBox3D9" type="CSGBox3D" parent="."]
transform = Transform3D(1, 0, 0, 0, 1, 0, 0, 0, 1, 1.5, 2, 8.5)
material_override = ExtResource("1_md2vh")
size = Vector3(3, 4, 1)

[node name="CSGBox3D10" type="CSGBox3D" parent="."]
transform = Transform3D(1, 0, 0, 0, 1, 0, 0, 0, 1, 1.5, 5.5, 8)
material_override = ExtResource("1_md2vh")
size = Vector3(1, 1, 4)

[node name="CSGBox3D11" type="CSGBox3D" parent="."]
transform = Transform3D(1, 0, 0, 0, 1, 0, 0, 0, 1, 3, 5.5, 8)
material_override = ExtResource("1_md2vh")
size = Vector3(2, 1, 2)
