[gd_scene load_steps=2 format=3 uid="uid://dl7shnvxkiy6p"]

[ext_resource type="Material" uid="uid://bk1jki3qc31vu" path="res://textures/resources/CSG.tres" id="1_ogjaj"]

[node name="minitile_1x5_1" type="Node3D"]

[node name="CSGBox3D" type="CSGBox3D" parent="."]
transform = Transform3D(1, 0, 0, 0, 1, 0, 0, 0, 1, 0, -25, 0)
size = Vector3(8, 50, 40)
material = ExtResource("1_ogjaj")

[node name="CSGBox3D6" type="CSGBox3D" parent="."]
transform = Transform3D(1, 0, 0, 0, 1, 0, 0, 0, 1, 0.5, 3, 9.5)
material_override = ExtResource("1_ogjaj")
size = Vector3(1, 6, 3)

[node name="CSGBox3D7" type="CSGBox3D" parent="."]
transform = Transform3D(1, 0, 0, 0, 1, 0, 0, 0, 1, 0.5, 4.5, 9.5)
material_override = ExtResource("1_ogjaj")
size = Vector3(3, 9, 1)

[node name="CSGBox3D4" type="CSGBox3D" parent="."]
transform = Transform3D(1, 0, 0, 0, 1, 0, 0, 0, 1, 0.5, 6.5, 8.5)
material_override = ExtResource("1_ogjaj")
size = Vector3(1, 1, 13)

[node name="CSGBox3D5" type="CSGBox3D" parent="."]
transform = Transform3D(1, 0, 0, 0, 1, 0, 0, 0, 1, 2, 6.5, 12)
material_override = ExtResource("1_ogjaj")
size = Vector3(2, 1, 2)

[node name="CSGBox3D9" type="CSGBox3D" parent="."]
transform = Transform3D(1, 0, 0, 0, 1, 0, 0, 0, 1, 2, 6.5, 5.5)
material_override = ExtResource("1_ogjaj")
size = Vector3(2, 1, 3)

[node name="CSGBox3D8" type="CSGBox3D" parent="."]
transform = Transform3D(1, 0, 0, 0, 1, 0, 0, 0, 1, -1, 6.5, 15)
material_override = ExtResource("1_ogjaj")
size = Vector3(2, 1, 2)

[node name="CSGBox3D10" type="CSGBox3D" parent="."]
transform = Transform3D(1, 0, 0, 0, 1, 0, 0, 0, 1, -1, 6.5, 6)
material_override = ExtResource("1_ogjaj")
size = Vector3(2, 1, 2)

[node name="CSGBox3D11" type="CSGBox3D" parent="."]
transform = Transform3D(1, 0, 0, 0, 1, 0, 0, 0, 1, -0.5, 2, -12.5)
material_override = ExtResource("1_ogjaj")
size = Vector3(1, 4, 3)

[node name="CSGBox3D12" type="CSGBox3D" parent="."]
transform = Transform3D(1, 0, 0, 0, 1, 0, 0, 0, 1, -0.5, 6, -12.5)
material_override = ExtResource("1_ogjaj")
size = Vector3(3, 12, 1)

[node name="CSGBox3D13" type="CSGBox3D" parent="."]
transform = Transform3D(1, 0, 0, 0, 1, 0, 0, 0, 1, -0.5, 10.5, -11.5)
material_override = ExtResource("1_ogjaj")
size = Vector3(1, 1, 15)

[node name="CSGBox3D14" type="CSGBox3D" parent="."]
transform = Transform3D(1, 0, 0, 0, 1, 0, 0, 0, 1, 1, 10.5, -5)
material_override = ExtResource("1_ogjaj")
size = Vector3(2, 1, 2)

[node name="CSGBox3D15" type="CSGBox3D" parent="."]
transform = Transform3D(1, 0, 0, 0, 1, 0, 0, 0, 1, 1, 10.5, -18)
material_override = ExtResource("1_ogjaj")
size = Vector3(2, 1, 2)

[node name="CSGBox3D16" type="CSGBox3D" parent="."]
transform = Transform3D(1, 0, 0, 0, 1, 0, 0, 0, 1, -1.5, 10.5, -9.5)
material_override = ExtResource("1_ogjaj")

[node name="CSGBox3D17" type="CSGBox3D" parent="."]
transform = Transform3D(1, 0, 0, 0, 1, 0, 0, 0, 1, -2, 10.5, -16.5)
material_override = ExtResource("1_ogjaj")
size = Vector3(2, 1, 1)
