[gd_scene load_steps=2 format=3 uid="uid://b0cbrhgokol1e"]

[ext_resource type="Material" uid="uid://bk1jki3qc31vu" path="res://textures/resources/CSG.tres" id="1_82o15"]

[node name="minitile_2x4_1" type="Node3D"]

[node name="CSGBox3D" type="CSGBox3D" parent="."]
transform = Transform3D(1, 0, 0, 0, 1, 0, 0, 0, 1, 0, -25, 0)
material_override = ExtResource("1_82o15")
size = Vector3(16, 50, 32)

[node name="CSGBox3D6" type="CSGBox3D" parent="."]
transform = Transform3D(1, 0, 0, 0, 1, 0, 0, 0, 1, -0.5, 2, 8)
material_override = ExtResource("1_82o15")
size = Vector3(1, 4, 4)

[node name="CSGBox3D7" type="CSGBox3D" parent="."]
transform = Transform3D(1, 0, 0, 0, 1, 0, 0, 0, 1, -0.5, 4, 7.5)
material_override = ExtResource("1_82o15")
size = Vector3(3, 8, 1)

[node name="CSGBox3D4" type="CSGBox3D" parent="."]
transform = Transform3D(1, 0, 0, 0, 1, 0, 0, 0, 1, -0.5, 4.5, 8.5)
material_override = ExtResource("1_82o15")
size = Vector3(1, 1, 13)

[node name="CSGBox3D11" type="CSGBox3D" parent="."]
transform = Transform3D(1, 0, 0, 0, 1, 0, 0, 0, 1, -0.5, 8.5, 7.5)
material_override = ExtResource("1_82o15")
size = Vector3(9, 1, 1)

[node name="CSGBox3D5" type="CSGBox3D" parent="."]
transform = Transform3D(1, 0, 0, 0, 1, 0, 0, 0, 1, 1, 4.5, 12.5)
material_override = ExtResource("1_82o15")
size = Vector3(2, 1, 3)

[node name="CSGBox3D12" type="CSGBox3D" parent="."]
transform = Transform3D(1, 0, 0, 0, 1, 0, 0, 0, 1, 2, 8.5, 9)
material_override = ExtResource("1_82o15")
size = Vector3(2, 1, 2)

[node name="CSGBox3D9" type="CSGBox3D" parent="."]
transform = Transform3D(1, 0, 0, 0, 1, 0, 0, 0, 1, 2, 4.5, 3)
material_override = ExtResource("1_82o15")
size = Vector3(4, 1, 4)

[node name="CSGBox3D8" type="CSGBox3D" parent="."]
transform = Transform3D(1, 0, 0, 0, 1, 0, 0, 0, 1, -2, 4.5, 11)
material_override = ExtResource("1_82o15")
size = Vector3(2, 1, 2)

[node name="CSGBox3D10" type="CSGBox3D" parent="."]
transform = Transform3D(1, 0, 0, 0, 1, 0, 0, 0, 1, -2.5, 4.5, 4.5)
material_override = ExtResource("1_82o15")
size = Vector3(3, 1, 3)

[node name="CSGBox3D13" type="CSGBox3D" parent="."]
transform = Transform3D(1, 0, 0, 0, 1, 0, 0, 0, 1, -1, 8.5, 5.5)
material_override = ExtResource("1_82o15")
size = Vector3(2, 1, 3)

[node name="CSGBox3D24" type="CSGBox3D" parent="."]
transform = Transform3D(1, 0, 0, 0, 1, 0, 0, 0, 1, 2.5, 11.5, -10.5)
material_override = ExtResource("1_82o15")
size = Vector3(9, 1, 1)

[node name="CSGBox3D27" type="CSGBox3D" parent="."]
transform = Transform3D(1, 0, 0, 0, 1, 0, 0, 0, 1, 3.5, 15, -10.5)
material_override = ExtResource("1_82o15")
size = Vector3(1, 6, 1)

[node name="CSGBox3D25" type="CSGBox3D" parent="."]
transform = Transform3D(1, 0, 0, 0, 1, 0, 0, 0, 1, 5, 11.5, -9)
material_override = ExtResource("1_82o15")
size = Vector3(2, 1, 2)

[node name="CSGBox3D26" type="CSGBox3D" parent="."]
transform = Transform3D(1, 0, 0, 0, 1, 0, 0, 0, 1, 2, 11.5, -12.5)
material_override = ExtResource("1_82o15")
size = Vector3(2, 1, 3)

[node name="CSGBox3D14" type="CSGBox3D" parent="."]
transform = Transform3D(1, 0, 0, 0, 1, 0, 0, 0, 1, 2.5, 2, -10.5)
material_override = ExtResource("1_82o15")
size = Vector3(1, 4, 3)

[node name="CSGBox3D21" type="CSGBox3D" parent="."]
transform = Transform3D(1, 0, 0, 0, 1, 0, 0, 0, 1, 2.5, 1, -12.5)
material_override = ExtResource("1_82o15")
size = Vector3(1, 2, 1)

[node name="CSGBox3D15" type="CSGBox3D" parent="."]
transform = Transform3D(1, 0, 0, 0, 1, 0, 0, 0, 1, 2.5, 5.5, -10.5)
material_override = ExtResource("1_82o15")
size = Vector3(3, 11, 1)

[node name="CSGBox3D16" type="CSGBox3D" parent="."]
transform = Transform3D(1, 0, 0, 0, 1, 0, 0, 0, 1, 2.5, 4.5, -8.5)
material_override = ExtResource("1_82o15")
size = Vector3(1, 1, 11)

[node name="CSGBox3D17" type="CSGBox3D" parent="."]
transform = Transform3D(1, 0, 0, 0, 1, 0, 0, 0, 1, 3.49572, 18.5, -10.5354)
material_override = ExtResource("1_82o15")
size = Vector3(7, 1, 1)

[node name="CSGBox3D18" type="CSGBox3D" parent="."]
transform = Transform3D(1, 0, 0, 0, 1, 0, 0, 0, 1, 4, 4.5, -5.5)
material_override = ExtResource("1_82o15")
size = Vector3(2, 1, 3)

[node name="CSGBox3D19" type="CSGBox3D" parent="."]
transform = Transform3D(1, 0, 0, 0, 1, 0, 0, 0, 1, 4.99572, 18.5, -12.0354)
material_override = ExtResource("1_82o15")
size = Vector3(2, 1, 2)

[node name="CSGBox3D20" type="CSGBox3D" parent="."]
transform = Transform3D(1, 0, 0, 0, 1, 0, 0, 0, 1, 4, 4.5, -14)
material_override = ExtResource("1_82o15")
size = Vector3(2, 1, 2)

[node name="CSGBox3D22" type="CSGBox3D" parent="."]
transform = Transform3D(1, 0, 0, 0, 1, 0, 0, 0, 1, 0.5, 4.5, -6.5)
material_override = ExtResource("1_82o15")
size = Vector3(3, 1, 3)

[node name="CSGBox3D23" type="CSGBox3D" parent="."]
transform = Transform3D(1, 0, 0, 0, 1, 0, 0, 0, 1, 0.995718, 18.5, -8.53538)
material_override = ExtResource("1_82o15")
size = Vector3(2, 1, 3)
