[gd_scene load_steps=2 format=3 uid="uid://h64fn2iynm6i"]

[ext_resource type="Material" uid="uid://bk1jki3qc31vu" path="res://textures/resources/CSG.tres" id="1_1etu5"]

[node name="minitile_3x4_1" type="Node3D"]

[node name="CSGBox3D" type="CSGBox3D" parent="."]
transform = Transform3D(1, 0, 0, 0, 1, 0, 0, 0, 1, 0, -25, 0)
size = Vector3(24, 50, 32)
material = ExtResource("1_1etu5")

[node name="CSGBox3D2" type="CSGBox3D" parent="."]
transform = Transform3D(1, 0, 0, 0, 1, 0, 0, 0, 1, 3.5, 1, -7)
material_override = ExtResource("1_1etu5")
size = Vector3(3, 2, 4)

[node name="CSGBox3D6" type="CSGBox3D" parent="."]
transform = Transform3D(1, 0, 0, 0, 1, 0, 0, 0, 1, 3.5, 4.5, -7)
material_override = ExtResource("1_1etu5")
size = Vector3(1, 5, 4)

[node name="CSGBox3D7" type="CSGBox3D" parent="."]
transform = Transform3D(1, 0, 0, 0, 1, 0, 0, 0, 1, 3.5, 7.5, -6.5)
material_override = ExtResource("1_1etu5")
size = Vector3(3, 11, 1)

[node name="CSGBox3D14" type="CSGBox3D" parent="."]
transform = Transform3D(1, 0, 0, 0, 1, 0, 0, 0, 1, 3.5, 15, -6.5)
material_override = ExtResource("1_1etu5")
size = Vector3(1, 2, 1)

[node name="CSGBox3D4" type="CSGBox3D" parent="."]
transform = Transform3D(1, 0, 0, 0, 1, 0, 0, 0, 1, 3.5, 7.5, -5)
material_override = ExtResource("1_1etu5")
size = Vector3(1, 1, 14)

[node name="CSGBox3D11" type="CSGBox3D" parent="."]
transform = Transform3D(1, 0, 0, 0, 1, 0, 0, 0, 1, 3, 16.5, -6.5)
material_override = ExtResource("1_1etu5")
size = Vector3(6, 1, 1)

[node name="CSGBox3D15" type="CSGBox3D" parent="."]
transform = Transform3D(1, 0, 0, 0, 1, 0, 0, 0, 1, 2.5, 13.5, -6.5)
material_override = ExtResource("1_1etu5")
size = Vector3(7, 1, 1)

[node name="CSGBox3D5" type="CSGBox3D" parent="."]
transform = Transform3D(1, 0, 0, 0, 1, 0, 0, 0, 1, 5.5, 7.5, -1.5)
material_override = ExtResource("1_1etu5")
size = Vector3(3, 1, 3)

[node name="CSGBox3D12" type="CSGBox3D" parent="."]
transform = Transform3D(1, 0, 0, 0, 1, 0, 0, 0, 1, 5, 16.5, -8)
material_override = ExtResource("1_1etu5")
size = Vector3(2, 1, 2)

[node name="CSGBox3D9" type="CSGBox3D" parent="."]
transform = Transform3D(1, 0, 0, 0, 1, 0, 0, 0, 1, 6, 7.5, -11.5)
material_override = ExtResource("1_1etu5")
size = Vector3(4, 1, 3)

[node name="CSGBox3D8" type="CSGBox3D" parent="."]
transform = Transform3D(1, 0, 0, 0, 1, 0, 0, 0, 1, 1, 7.5, -4)
material_override = ExtResource("1_1etu5")
size = Vector3(4, 1, 4)

[node name="CSGBox3D10" type="CSGBox3D" parent="."]
transform = Transform3D(1, 0, 0, 0, 1, 0, 0, 0, 1, 1, 7.5, -10)
material_override = ExtResource("1_1etu5")
size = Vector3(4, 1, 4)

[node name="CSGBox3D13" type="CSGBox3D" parent="."]
transform = Transform3D(1, 0, 0, 0, 1, 0, 0, 0, 1, 1.5, 13.5, -8.5)
material_override = ExtResource("1_1etu5")
size = Vector3(3, 1, 3)

[node name="CSGBox3D16" type="CSGBox3D" parent="."]
transform = Transform3D(1, 0, 0, 0, 1, 0, 0, 0, 1, 3.5, 13.5, -4)
material_override = ExtResource("1_1etu5")
size = Vector3(3, 1, 4)
