[gd_scene load_steps=2 format=3 uid="uid://cskm16lg78oib"]

[ext_resource type="Material" uid="uid://bk1jki3qc31vu" path="res://textures/resources/CSG.tres" id="1_e5c07"]

[node name="minitile_1x3_1" type="Node3D"]

[node name="CSGBox3D" type="CSGBox3D" parent="."]
transform = Transform3D(1, 0, 0, 0, 1, 0, 0, 0, 1, 0, -25, 0)
size = Vector3(8, 50, 24)
material = ExtResource("1_e5c07")

[node name="CSGBox3D18" type="CSGBox3D" parent="."]
transform = Transform3D(1, 0, 0, 0, 1, 0, 0, 0, 1, -3.5, 6.5, 0)
size = Vector3(1, 1, 24)
material = ExtResource("1_e5c07")

[node name="CSGBox3D20" type="CSGBox3D" parent="."]
transform = Transform3D(1, 0, 0, 0, 1, 0, 0, 0, 1, 0, 6.5, -11.5)
size = Vector3(6, 1, 1)
material = ExtResource("1_e5c07")

[node name="CSGBox3D21" type="CSGBox3D" parent="."]
transform = Transform3D(1, 0, 0, 0, 1, 0, 0, 0, 1, 0, 6.5, 11.5)
size = Vector3(6, 1, 1)
material = ExtResource("1_e5c07")

[node name="CSGBox3D19" type="CSGBox3D" parent="."]
transform = Transform3D(1, 0, 0, 0, 1, 0, 0, 0, 1, 3.5, 6.5, 0)
size = Vector3(1, 1, 24)
material = ExtResource("1_e5c07")

[node name="CSGBox3D17" type="CSGBox3D" parent="."]
transform = Transform3D(1, 0, 0, 0, 1, 0, 0, 0, 1, -3.5, 3, 11.5)
size = Vector3(1, 6, 1)
material = ExtResource("1_e5c07")

[node name="CSGBox3D22" type="CSGBox3D" parent="."]
transform = Transform3D(1, 0, 0, 0, 1, 0, 0, 0, 1, 3.5, 4, 11.5)
size = Vector3(1, 4, 1)
material = ExtResource("1_e5c07")

[node name="CSGBox3D23" type="CSGBox3D" parent="."]
transform = Transform3D(1, 0, 0, 0, 1, 0, 0, 0, 1, 3.5, 3, -11.5)
size = Vector3(1, 6, 1)
material = ExtResource("1_e5c07")

[node name="CSGBox3D8" type="CSGBox3D" parent="."]
transform = Transform3D(1, 0, 0, 0, 1, 0, 0, 0, 1, 3, 1, 11)
size = Vector3(2, 2, 2)
material = ExtResource("1_e5c07")

[node name="CSGBox3D9" type="CSGBox3D" parent="."]
transform = Transform3D(1, 0, 0, 0, 1, 0, 0, 0, 1, 2, 2, 9)
size = Vector3(2, 2, 2)
material = ExtResource("1_e5c07")

[node name="CSGBox3D10" type="CSGBox3D" parent="."]
transform = Transform3D(1, 0, 0, 0, 1, 0, 0, 0, 1, 1, 3, 7)
size = Vector3(2, 2, 2)
material = ExtResource("1_e5c07")

[node name="CSGBox3D24" type="CSGBox3D" parent="."]
transform = Transform3D(1, 0, 0, 0, 1, 0, 0, 0, 1, -3.5, 3, -11.5)
size = Vector3(1, 6, 1)
material = ExtResource("1_e5c07")
