[gd_scene load_steps=2 format=3 uid="uid://dvkuflqshr8qf"]

[ext_resource type="Material" uid="uid://bk1jki3qc31vu" path="res://textures/resources/CSG.tres" id="1_twvn6"]

[node name="minitile_2x2_1" type="Node3D"]

[node name="CSGBox3D" type="CSGBox3D" parent="."]
transform = Transform3D(1, 0, 0, 0, 1, 0, 0, 0, 1, 0, -25, 0)
material_override = ExtResource("1_twvn6")
size = Vector3(16, 50, 16)

[node name="CSGBox3D5" type="CSGBox3D" parent="."]
transform = Transform3D(1, 0, 0, 0, 1, 0, 0, 0, 1, -7.5, 2, -3)
size = Vector3(1, 4, 4)
material = ExtResource("1_twvn6")

[node name="CSGBox3D7" type="CSGBox3D" parent="."]
transform = Transform3D(1, 0, 0, 0, 1, 0, 0, 0, 1, -3, 2, -4.5)
size = Vector3(4, 4, 1)
material = ExtResource("1_twvn6")

[node name="CSGBox3D6" type="CSGBox3D" parent="."]
transform = Transform3D(1, 0, 0, 0, 1, 0, 0, 0, 1, -7.5, 6, -5)
size = Vector3(1, 4, 4)
material = ExtResource("1_twvn6")

[node name="CSGBox3D19" type="CSGBox3D" parent="."]
transform = Transform3D(1, 0, 0, 0, 1, 0, 0, 0, 1, 7.5, 14.5, 0)
size = Vector3(1, 1, 14)
material = ExtResource("1_twvn6")

[node name="CSGBox3D26" type="CSGBox3D" parent="."]
transform = Transform3D(1, 0, 0, 0, 1, 0, 0, 0, 1, -7.5, 14.5, 0)
size = Vector3(1, 1, 14)
material = ExtResource("1_twvn6")

[node name="CSGBox3D22" type="CSGBox3D" parent="."]
transform = Transform3D(1, 0, 0, 0, 1, 0, 0, 0, 1, 7.5, 7.5, 7.5)
size = Vector3(1, 15, 1)
material = ExtResource("1_twvn6")

[node name="CSGBox3D23" type="CSGBox3D" parent="."]
transform = Transform3D(1, 0, 0, 0, 1, 0, 0, 0, 1, -7.5, 7.5, 7.5)
size = Vector3(1, 15, 1)
material = ExtResource("1_twvn6")

[node name="CSGBox3D24" type="CSGBox3D" parent="."]
transform = Transform3D(1, 0, 0, 0, 1, 0, 0, 0, 1, 7.5, 7.5, -7.5)
size = Vector3(1, 15, 1)
material = ExtResource("1_twvn6")

[node name="CSGBox3D27" type="CSGBox3D" parent="."]
transform = Transform3D(1, 0, 0, 0, 1, 0, 0, 0, 1, 0, 14.5, -7.5)
size = Vector3(14, 1, 1)
material = ExtResource("1_twvn6")

[node name="CSGBox3D28" type="CSGBox3D" parent="."]
transform = Transform3D(1, 0, 0, 0, 1, 0, 0, 0, 1, 0, 14.5, 7.5)
size = Vector3(14, 1, 1)
material = ExtResource("1_twvn6")

[node name="CSGBox3D25" type="CSGBox3D" parent="."]
transform = Transform3D(1, 0, 0, 0, 1, 0, 0, 0, 1, -7.5, 7.5, -7.5)
size = Vector3(1, 15, 1)
material = ExtResource("1_twvn6")
