[gd_scene load_steps=2 format=3 uid="uid://df5gctbfrqlfy"]

[ext_resource type="Material" uid="uid://bk1jki3qc31vu" path="res://textures/resources/CSG.tres" id="1_limfr"]

[node name="minitile_1x4_1" type="Node3D"]

[node name="CSGBox3D" type="CSGBox3D" parent="."]
transform = Transform3D(1, 0, 0, 0, 1, 0, 0, 0, 1, 0, -25, 0)
size = Vector3(8, 50, 32)
material = ExtResource("1_limfr")

[node name="CSGBox3D4" type="CSGBox3D" parent="."]
transform = Transform3D(1, 0, 0, 0, 1, 0, 0, 0, 1, -3, 4, -15)
size = Vector3(2, 2, 2)
material = ExtResource("1_limfr")

[node name="CSGBox3D18" type="CSGBox3D" parent="."]
transform = Transform3D(1, 0, 0, 0, 1, 0, 0, 0, 1, -3.5, 6.5, 0)
size = Vector3(1, 1, 32)
material = ExtResource("1_limfr")

[node name="CSGBox3D20" type="CSGBox3D" parent="."]
transform = Transform3D(1, 0, 0, 0, 1, 0, 0, 0, 1, 0, 6.5, -15.5)
size = Vector3(6, 1, 1)
material = ExtResource("1_limfr")

[node name="CSGBox3D21" type="CSGBox3D" parent="."]
transform = Transform3D(1, 0, 0, 0, 1, 0, 0, 0, 1, 0, 6.5, 15.5)
size = Vector3(6, 1, 1)
material = ExtResource("1_limfr")

[node name="CSGBox3D19" type="CSGBox3D" parent="."]
transform = Transform3D(1, 0, 0, 0, 1, 0, 0, 0, 1, 3.5, 6.5, 0)
size = Vector3(1, 1, 32)
material = ExtResource("1_limfr")

[node name="CSGBox3D17" type="CSGBox3D" parent="."]
transform = Transform3D(1, 0, 0, 0, 1, 0, 0, 0, 1, -3.5, 3, 15.5)
size = Vector3(1, 6, 1)
material = ExtResource("1_limfr")

[node name="CSGBox3D22" type="CSGBox3D" parent="."]
transform = Transform3D(1, 0, 0, 0, 1, 0, 0, 0, 1, 3.5, 3, 15.5)
size = Vector3(1, 6, 1)
material = ExtResource("1_limfr")

[node name="CSGBox3D23" type="CSGBox3D" parent="."]
transform = Transform3D(1, 0, 0, 0, 1, 0, 0, 0, 1, 3.5, 3, -15.5)
size = Vector3(1, 6, 1)
material = ExtResource("1_limfr")

[node name="CSGBox3D24" type="CSGBox3D" parent="."]
transform = Transform3D(1, 0, 0, 0, 1, 0, 0, 0, 1, -3.5, 5.5, -15.5)
material = ExtResource("1_limfr")
