[gd_scene load_steps=2 format=3 uid="uid://c2dp876em2smt"]

[ext_resource type="Material" uid="uid://bk1jki3qc31vu" path="res://textures/resources/CSG.tres" id="1_3i0j1"]

[node name="minitile_2x4_1" type="Node3D"]

[node name="CSGBox3D" type="CSGBox3D" parent="."]
transform = Transform3D(1, 0, 0, 0, 1, 0, 0, 0, 1, 0, -25, 0)
material_override = ExtResource("1_3i0j1")
size = Vector3(16, 50, 32)

[node name="CSGBox3D8" type="CSGBox3D" parent="."]
transform = Transform3D(1, 0, 0, 0, 1, 0, 0, 0, 1, -1, 1.5, -0.5)
size = Vector3(6, 3, 7)
material = ExtResource("1_3i0j1")

[node name="CSGBox3D10" type="CSGBox3D" parent="."]
transform = Transform3D(1, 0, 0, 0, 1, 0, 0, 0, 1, 1, 1.5, 12.5)
size = Vector3(6, 3, 7)
material = ExtResource("1_3i0j1")

[node name="CSGBox3D11" type="CSGBox3D" parent="."]
transform = Transform3D(1, 0, 0, 0, 1, 0, 0, 0, 1, 7, 1.5, 2.5)
size = Vector3(2, 3, 7)
material = ExtResource("1_3i0j1")

[node name="CSGBox3D12" type="CSGBox3D" parent="."]
transform = Transform3D(1, 0, 0, 0, 1, 0, 0, 0, 1, -7, 1.5, 8.5)
size = Vector3(2, 3, 7)
material = ExtResource("1_3i0j1")

[node name="CSGBox3D13" type="CSGBox3D" parent="."]
transform = Transform3D(1, 0, 0, 0, 1, 0, 0, 0, 1, -7, 1.5, -9.5)
size = Vector3(2, 3, 7)
material = ExtResource("1_3i0j1")

[node name="CSGBox3D9" type="CSGBox3D" parent="."]
transform = Transform3D(1, 0, 0, 0, 1, 0, 0, 0, 1, 1, 1.5, -12.5)
size = Vector3(6, 3, 7)
material = ExtResource("1_3i0j1")

[node name="CSGBox3D15" type="CSGBox3D" parent="."]
transform = Transform3D(1, 0, 0, 0, 1, 0, 0, 0, 1, -3, 3.5, -0.5)
size = Vector3(10, 1, 7)
material = ExtResource("1_3i0j1")

[node name="CSGBox3D24" type="CSGBox3D" parent="."]
transform = Transform3D(1, 0, 0, 0, 1, 0, 0, 0, 1, -6, 3.5, 9.5)
size = Vector3(4, 1, 13)
material = ExtResource("1_3i0j1")

[node name="CSGBox3D17" type="CSGBox3D" parent="."]
transform = Transform3D(1, 0, 0, 0, 1, 0, 0, 0, 1, -6, 3.5, -5)
size = Vector3(4, 1, 2)
material = ExtResource("1_3i0j1")

[node name="CSGBox3D18" type="CSGBox3D" parent="."]
transform = Transform3D(1, 0, 0, 0, 1, 0, 0, 0, 1, 0.5, 3.5, -5)
size = Vector3(3, 1, 2)
material = ExtResource("1_3i0j1")

[node name="CSGBox3D19" type="CSGBox3D" parent="."]
transform = Transform3D(1, 0, 0, 0, 1, 0, 0, 0, 1, -1, 3.5, -14.5)
size = Vector3(6, 1, 3)
material = ExtResource("1_3i0j1")

[node name="CSGBox3D20" type="CSGBox3D" parent="."]
transform = Transform3D(1, 0, 0, 0, 1, 0, 0, 0, 1, -7, 3.5, -14.5)
size = Vector3(2, 1, 3)
material = ExtResource("1_3i0j1")

[node name="CSGBox3D16" type="CSGBox3D" parent="."]
transform = Transform3D(1, 0, 0, 0, 1, 0, 0, 0, 1, -3, 3.5, -9.5)
size = Vector3(10, 1, 7)
material = ExtResource("1_3i0j1")

[node name="CSGBox3D21" type="CSGBox3D" parent="."]
transform = Transform3D(1, 0, 0, 0, 1, 0, 0, 0, 1, 6, 3.5, -14)
size = Vector3(4, 1, 4)
material = ExtResource("1_3i0j1")

[node name="CSGBox3D23" type="CSGBox3D" parent="."]
transform = Transform3D(1, 0, 0, 0, 1, 0, 0, 0, 1, 3, 3.5, -13)
size = Vector3(2, 1, 6)
material = ExtResource("1_3i0j1")

[node name="CSGBox3D22" type="CSGBox3D" parent="."]
transform = Transform3D(1, 0, 0, 0, 1, 0, 0, 0, 1, 5, 3.5, -3.5)
size = Vector3(6, 1, 13)
material = ExtResource("1_3i0j1")

[node name="CSGBox3D25" type="CSGBox3D" parent="."]
transform = Transform3D(1, 0, 0, 0, 1, 0, 0, 0, 1, 7, 3.5, 4.5)
size = Vector3(2, 1, 3)
material = ExtResource("1_3i0j1")

[node name="CSGBox3D26" type="CSGBox3D" parent="."]
transform = Transform3D(1, 0, 0, 0, 1, 0, 0, 0, 1, 0, 3.5, 7.5)
size = Vector3(8, 1, 9)
material = ExtResource("1_3i0j1")

[node name="CSGBox3D27" type="CSGBox3D" parent="."]
transform = Transform3D(1, 0, 0, 0, 1, 0, 0, 0, 1, 0, 3.5, 15.5)
size = Vector3(8, 1, 1)
material = ExtResource("1_3i0j1")

[node name="CSGBox3D30" type="CSGBox3D" parent="."]
transform = Transform3D(1, 0, 0, 0, 1, 0, 0, 0, 1, 5, 5.5, 2.5)
size = Vector3(2, 3, 1)
material = ExtResource("1_3i0j1")

[node name="CSGBox3D32" type="CSGBox3D" parent="."]
transform = Transform3D(1, 0, 0, 0, 1, 0, 0, 0, 1, -2.5, 5, -3.5)
size = Vector3(3, 2, 1)
material = ExtResource("1_3i0j1")

[node name="CSGBox3D33" type="CSGBox3D" parent="."]
transform = Transform3D(1, 0, 0, 0, 1, 0, 0, 0, 1, -3.5, 5, -14.5)
size = Vector3(1, 2, 3)
material = ExtResource("1_3i0j1")

[node name="CSGBox3D34" type="CSGBox3D" parent="."]
transform = Transform3D(1, 0, 0, 0, 1, 0, 0, 0, 1, 6, 5, -12.5)
size = Vector3(4, 2, 1)
material = ExtResource("1_3i0j1")

[node name="CSGBox3D31" type="CSGBox3D" parent="."]
transform = Transform3D(1, 0, 0, 0, 1, 0, 0, 0, 1, -4.5, 5, 13.5)
size = Vector3(1, 2, 3)
material = ExtResource("1_3i0j1")

[node name="CSGBox3D28" type="CSGBox3D" parent="."]
transform = Transform3D(1, 0, 0, 0, 1, 0, 0, 0, 1, 1, 3.5, 13.5)
size = Vector3(6, 1, 3)
material = ExtResource("1_3i0j1")

[node name="CSGBox3D29" type="CSGBox3D" parent="."]
transform = Transform3D(1, 0, 0, 0, 1, 0, 0, 0, 1, 6, 3.5, 11)
size = Vector3(4, 1, 10)
material = ExtResource("1_3i0j1")
