[gd_scene load_steps=2 format=3 uid="uid://blbccidu0uy0i"]

[ext_resource type="Material" uid="uid://bk1jki3qc31vu" path="res://textures/resources/CSG.tres" id="1_o758f"]

[node name="minitile_2x4_1" type="Node3D"]

[node name="CSGBox3D" type="CSGBox3D" parent="."]
transform = Transform3D(1, 0, 0, 0, 1, 0, 0, 0, 1, 0, -25, 0)
material_override = ExtResource("1_o758f")
size = Vector3(16, 50, 32)

[node name="CSGBox3D2" type="CSGBox3D" parent="."]
transform = Transform3D(1, 0, 0, 0, 1, 0, 0, 0, 1, -6.5, 1.5, 0)
material_override = ExtResource("1_o758f")
size = Vector3(3, 3, 32)

[node name="CSGBox3D3" type="CSGBox3D" parent="."]
transform = Transform3D(1, 0, 0, 0, 1, 0, 0, 0, 1, 5.5, 2.5, 3)
material_override = ExtResource("1_o758f")
size = Vector3(5, 1, 26)

[node name="CSGBox3D10" type="CSGBox3D" parent="."]
transform = Transform3D(1, 0, 0, 0, 1, 0, 0, 0, 1, 7, 1, 1)
material_override = ExtResource("1_o758f")
size = Vector3(2, 2, 30)

[node name="CSGBox3D11" type="CSGBox3D" parent="."]
transform = Transform3D(1, 0, 0, 0, 1, 0, 0, 0, 1, 4.5, 1, 13)
material_override = ExtResource("1_o758f")
size = Vector3(3, 2, 6)

[node name="CSGBox3D4" type="CSGBox3D" parent="."]
transform = Transform3D(1, 0, 0, 0, 1, 0, 0, 0, 1, -1, 1.5, 13)
material_override = ExtResource("1_o758f")
size = Vector3(8, 3, 6)

[node name="CSGBox3D9" type="CSGBox3D" parent="."]
transform = Transform3D(1, 0, 0, 0, 1, 0, 0, 0, 1, -1, 1.5, -10)
material_override = ExtResource("1_o758f")
size = Vector3(8, 3, 12)

[node name="CSGBox3D12" type="CSGBox3D" parent="."]
transform = Transform3D(1, 0, 0, 0, 1, 0, 0, 0, 1, 4.5, 1, -10)
material_override = ExtResource("1_o758f")
size = Vector3(3, 2, 12)

[node name="CSGBox3D6" type="CSGBox3D" parent="."]
transform = Transform3D(1, 0, 0, 0, 1, 0, 0, 0, 1, 0, 3.5, -1.5)
material_override = ExtResource("1_o758f")
size = Vector3(2, 7, 1)

[node name="CSGBox3D8" type="CSGBox3D" parent="."]
transform = Transform3D(1, 0, 0, 0, 1, 0, 0, 0, 1, 0, 3.5, 7.5)
material_override = ExtResource("1_o758f")
size = Vector3(2, 7, 1)

[node name="CSGBox3D7" type="CSGBox3D" parent="."]
transform = Transform3D(1, 0, 0, 0, 1, 0, 0, 0, 1, 0, 7.5, 3)
material_override = ExtResource("1_o758f")
size = Vector3(2, 1, 10)

[node name="CSGBox3D13" type="CSGBox3D" parent="."]
transform = Transform3D(1, 0, 0, 0, 1, 0, 0, 0, 1, -1, 1.5, 3)
material_override = ExtResource("1_o758f")
size = Vector3(8, 3, 2)
