[gd_scene load_steps=2 format=3 uid="uid://dvcyy12ccssjn"]

[ext_resource type="Material" uid="uid://bk1jki3qc31vu" path="res://textures/resources/CSG.tres" id="1_f4lxu"]

[node name="minitile_1x2_1" type="Node3D"]

[node name="CSGBox3D2" type="CSGBox3D" parent="."]
transform = Transform3D(1, 0, 0, 0, 1, 0, 0, 0, 1, -2.5, 2, -6.5)
size = Vector3(1, 4, 1)
material = ExtResource("1_f4lxu")

[node name="CSGBox3D4" type="CSGBox3D" parent="."]
transform = Transform3D(1, 0, 0, 0, 1, 0, 0, 0, 1, 0.5, 7, -3.5)
size = Vector3(1, 6, 1)
material = ExtResource("1_f4lxu")

[node name="CSGBox3D5" type="CSGBox3D" parent="."]
transform = Transform3D(1, 0, 0, 0, 1, 0, 0, 0, 1, 0.5, 10.5, -3.5)
size = Vector3(3, 1, 3)
material = ExtResource("1_f4lxu")

[node name="CSGBox3D13" type="CSGBox3D" parent="."]
transform = Transform3D(1, 0, 0, 0, 1, 0, 0, 0, 1, 0.5, 9.5, 0.5)
size = Vector3(1, 5, 1)
material = ExtResource("1_f4lxu")

[node name="CSGBox3D14" type="CSGBox3D" parent="."]
transform = Transform3D(1, 0, 0, 0, 1, 0, 0, 0, 1, 0.5, 12.5, 0.5)
size = Vector3(3, 1, 3)
material = ExtResource("1_f4lxu")

[node name="CSGBox3D3" type="CSGBox3D" parent="."]
transform = Transform3D(1, 0, 0, 0, 1, 0, 0, 0, 1, -1, 3.5, -6.5)
size = Vector3(2, 1, 1)
material = ExtResource("1_f4lxu")

[node name="CSGBox3D12" type="CSGBox3D" parent="."]
transform = Transform3D(1, 0, 0, 0, 1, 0, 0, 0, 1, 0, 7.5, 1.5)
size = Vector3(2, 1, 1)
material = ExtResource("1_f4lxu")

[node name="CSGBox3D6" type="CSGBox3D" parent="."]
transform = Transform3D(1, 0, 0, 0, 1, 0, 0, 0, 1, 0.5, 3.5, -5)
size = Vector3(1, 1, 4)
material = ExtResource("1_f4lxu")

[node name="CSGBox3D10" type="CSGBox3D" parent="."]
transform = Transform3D(1, 0, 0, 0, 1, 0, 0, 0, 1, -1.5, 4, 1.5)
size = Vector3(1, 8, 1)
material = ExtResource("1_f4lxu")

[node name="CSGBox3D8" type="CSGBox3D" parent="."]
transform = Transform3D(1, 0, 0, 0, 1, 0, 0, 0, 1, -1.5, 7, 5.5)
size = Vector3(1, 6, 1)
material = ExtResource("1_f4lxu")

[node name="CSGBox3D9" type="CSGBox3D" parent="."]
transform = Transform3D(1, 0, 0, 0, 1, 0, 0, 0, 1, -1.5, 10.5, 5.5)
size = Vector3(3, 1, 3)
material = ExtResource("1_f4lxu")

[node name="CSGBox3D11" type="CSGBox3D" parent="."]
transform = Transform3D(1, 0, 0, 0, 1, 0, 0, 0, 1, -1.5, 4.5, 3.5)
size = Vector3(1, 1, 3)
material = ExtResource("1_f4lxu")

[node name="CSGBox3D" type="CSGBox3D" parent="."]
transform = Transform3D(1, 0, 0, 0, 1, 0, 0, 0, 1, 0, -25, 0)
size = Vector3(8, 50, 16)
material = ExtResource("1_f4lxu")
