[gd_scene load_steps=2 format=3 uid="uid://p3fsl8ywtgyn"]

[ext_resource type="Material" uid="uid://bk1jki3qc31vu" path="res://textures/resources/CSG.tres" id="4_578kq"]

[node name="minitile_2x3_1" type="Node3D"]

[node name="CSGBox3D" type="CSGBox3D" parent="."]
transform = Transform3D(1, 0, 0, 0, 1, 0, 0, 0, 1, 0, -25, 0)
material_override = ExtResource("4_578kq")
size = Vector3(16, 50, 24)

[node name="CSGBox3D3" type="CSGBox3D" parent="."]
transform = Transform3D(1, 0, 0, 0, 1, 0, 0, 0, 1, 4.5, 2, 4.5)
size = Vector3(1, 4, 1)
material = ExtResource("4_578kq")

[node name="CSGBox3D4" type="CSGBox3D" parent="."]
transform = Transform3D(1, 0, 0, 0, 1, 0, 0, 0, 1, 5.5, 6.5, -6.5)
size = Vector3(1, 13, 1)
material = ExtResource("4_578kq")

[node name="CSGBox3D18" type="CSGBox3D" parent="."]
transform = Transform3D(1, 0, 0, 0, 1, 0, 0, 0, 1, 5.5, 4.5, -8.5)
size = Vector3(1, 1, 3)
material = ExtResource("4_578kq")

[node name="CSGBox3D8" type="CSGBox3D" parent="."]
transform = Transform3D(1, 0, 0, 0, 1, 0, 0, 0, 1, 5.5, 13.5, -6.5)
size = Vector3(3, 1, 3)
material = ExtResource("4_578kq")

[node name="CSGBox3D19" type="CSGBox3D" parent="."]
transform = Transform3D(1, 0, 0, 0, 1, 0, 0, 0, 1, -1.5, 6, 8.5)
size = Vector3(1, 12, 1)
material = ExtResource("4_578kq")

[node name="CSGBox3D20" type="CSGBox3D" parent="."]
transform = Transform3D(1, 0, 0, 0, 1, 0, 0, 0, 1, -1.5, 12.5, 8.5)
size = Vector3(3, 1, 3)
material = ExtResource("4_578kq")

[node name="CSGBox3D16" type="CSGBox3D" parent="."]
transform = Transform3D(1, 0, 0, 0, 1, 0, 0, 0, 1, 5.5, 8, -9.5)
size = Vector3(1, 6, 1)
material = ExtResource("4_578kq")

[node name="CSGBox3D17" type="CSGBox3D" parent="."]
transform = Transform3D(1, 0, 0, 0, 1, 0, 0, 0, 1, 5.5, 11.5, -9.5)
size = Vector3(3, 1, 3)
material = ExtResource("4_578kq")

[node name="CSGBox3D13" type="CSGBox3D" parent="."]
transform = Transform3D(1, 0, 0, 0, 1, 0, 0, 0, 1, 5.5, 6, 4.5)
size = Vector3(1, 6, 1)
material = ExtResource("4_578kq")

[node name="CSGBox3D14" type="CSGBox3D" parent="."]
transform = Transform3D(1, 0, 0, 0, 1, 0, 0, 0, 1, 5.5, 9.5, 4.5)
size = Vector3(3, 1, 3)
material = ExtResource("4_578kq")

[node name="CSGBox3D9" type="CSGBox3D" parent="."]
transform = Transform3D(1, 0, 0, 0, 1, 0, 0, 0, 1, -4.5, 9.5, -8.5)
size = Vector3(3, 1, 3)
material = ExtResource("4_578kq")

[node name="CSGBox3D5" type="CSGBox3D" parent="."]
transform = Transform3D(1, 0, 0, 0, 1, 0, 0, 0, 1, -4.5, 4.5, -3.5)
size = Vector3(1, 9, 1)
material = ExtResource("4_578kq")

[node name="CSGBox3D6" type="CSGBox3D" parent="."]
transform = Transform3D(1, 0, 0, 0, 1, 0, 0, 0, 1, -4.5, 6, -8.5)
size = Vector3(1, 6, 1)
material = ExtResource("4_578kq")

[node name="CSGBox3D10" type="CSGBox3D" parent="."]
transform = Transform3D(1, 0, 0, 0, 1, 0, 0, 0, 1, -4.5, 13.5, -0.5)
size = Vector3(3, 1, 3)
material = ExtResource("4_578kq")

[node name="CSGBox3D11" type="CSGBox3D" parent="."]
transform = Transform3D(1, 0, 0, 0, 1, 0, 0, 0, 1, -4.5, 9, -0.5)
size = Vector3(1, 8, 1)
material = ExtResource("4_578kq")

[node name="CSGBox3D15" type="CSGBox3D" parent="."]
transform = Transform3D(1, 0, 0, 0, 1, 0, 0, 0, 1, -2.5, 11.5, -3.5)
size = Vector3(3, 1, 3)
material = ExtResource("4_578kq")

[node name="CSGBox3D21" type="CSGBox3D" parent="."]
transform = Transform3D(1, 0, 0, 0, 1, 0, 0, 0, 1, -2.5, 10, -3.5)
size = Vector3(1, 2, 1)
material = ExtResource("4_578kq")

[node name="CSGBox3D7" type="CSGBox3D" parent="."]
transform = Transform3D(1, 0, 0, 0, 1, 0, 0, 0, 1, -3, 8.5, -3.5)
size = Vector3(2, 1, 1)
material = ExtResource("4_578kq")

[node name="CSGBox3D12" type="CSGBox3D" parent="."]
transform = Transform3D(1, 0, 0, 0, 1, 0, 0, 0, 1, -4.5, 3.5, -6)
size = Vector3(1, 1, 4)
material = ExtResource("4_578kq")

[node name="CSGBox3D22" type="CSGBox3D" parent="."]
transform = Transform3D(1, 0, 0, 0, 1, 0, 0, 0, 1, -4.5, 4.5, -1.5)
size = Vector3(1, 1, 3)
material = ExtResource("4_578kq")
