[gd_scene load_steps=2 format=3 uid="uid://c41posuxguwpq"]

[ext_resource type="Material" uid="uid://bk1jki3qc31vu" path="res://textures/resources/CSG.tres" id="1_sdfnv"]

[node name="minitile_2x4_1" type="Node3D"]

[node name="CSGBox3D" type="CSGBox3D" parent="."]
transform = Transform3D(1, 0, 0, 0, 1, 0, 0, 0, 1, 0, -25, 0)
material_override = ExtResource("1_sdfnv")
size = Vector3(16, 50, 32)

[node name="CSGBox3D19" type="CSGBox3D" parent="."]
transform = Transform3D(1, 0, 0, 0, 1, 0, 0, 0, 1, -0.5, 8, -0.5)
size = Vector3(1, 16, 1)
material = ExtResource("1_sdfnv")

[node name="CSGBox3D20" type="CSGBox3D" parent="."]
transform = Transform3D(1, 0, 0, 0, 1, 0, 0, 0, 1, -0.5, 16.5, -0.5)
size = Vector3(3, 1, 3)
material = ExtResource("1_sdfnv")

[node name="CSGBox3D44" type="CSGBox3D" parent="."]
transform = Transform3D(1, 0, 0, 0, 1, 0, 0, 0, 1, -4.5, 13, 9.5)
size = Vector3(1, 16, 1)
material = ExtResource("1_sdfnv")

[node name="CSGBox3D45" type="CSGBox3D" parent="."]
transform = Transform3D(1, 0, 0, 0, 1, 0, 0, 0, 1, -4.5, 21.5, 9.5)
size = Vector3(3, 1, 3)
material = ExtResource("1_sdfnv")

[node name="CSGBox3D21" type="CSGBox3D" parent="."]
transform = Transform3D(1, 0, 0, 0, 1, 0, 0, 0, 1, -4.5, 5, -9.5)
size = Vector3(1, 10, 1)
material = ExtResource("1_sdfnv")

[node name="CSGBox3D22" type="CSGBox3D" parent="."]
transform = Transform3D(1, 0, 0, 0, 1, 0, 0, 0, 1, -4.5, 10.5, -9.5)
size = Vector3(3, 1, 3)
material = ExtResource("1_sdfnv")

[node name="CSGBox3D23" type="CSGBox3D" parent="."]
transform = Transform3D(1, 0, 0, 0, 1, 0, 0, 0, 1, 2.5, 9.5, -11.5)
size = Vector3(1, 9, 1)
material = ExtResource("1_sdfnv")

[node name="CSGBox3D25" type="CSGBox3D" parent="."]
transform = Transform3D(1, 0, 0, 0, 1, 0, 0, 0, 1, 0.5, 3, -7.5)
size = Vector3(1, 6, 1)
material = ExtResource("1_sdfnv")

[node name="CSGBox3D34" type="CSGBox3D" parent="."]
transform = Transform3D(1, 0, 0, 0, 1, 0, 0, 0, 1, 0.5, 5.5, -10)
size = Vector3(1, 1, 4)
material = ExtResource("1_sdfnv")

[node name="CSGBox3D35" type="CSGBox3D" parent="."]
transform = Transform3D(1, 0, 0, 0, 1, 0, 0, 0, 1, 1.5, 5.5, -11.5)
material = ExtResource("1_sdfnv")

[node name="CSGBox3D24" type="CSGBox3D" parent="."]
transform = Transform3D(1, 0, 0, 0, 1, 0, 0, 0, 1, 2.5, 14.5, -11.5)
size = Vector3(3, 1, 3)
material = ExtResource("1_sdfnv")

[node name="CSGBox3D42" type="CSGBox3D" parent="."]
transform = Transform3D(1, 0, 0, 0, 1, 0, 0, 0, 1, 5.5, 0.5, -6.5)
size = Vector3(1, 9, 1)
material = ExtResource("1_sdfnv")

[node name="CSGBox3D43" type="CSGBox3D" parent="."]
transform = Transform3D(1, 0, 0, 0, 1, 0, 0, 0, 1, 5.5, 5.5, -6.5)
size = Vector3(3, 1, 3)
material = ExtResource("1_sdfnv")

[node name="CSGBox3D26" type="CSGBox3D" parent="."]
transform = Transform3D(1, 0, 0, 0, 1, 0, 0, 0, 1, 4.5, 8, 8.5)
size = Vector3(1, 6, 1)
material = ExtResource("1_sdfnv")

[node name="CSGBox3D36" type="CSGBox3D" parent="."]
transform = Transform3D(1, 0, 0, 0, 1, 0, 0, 0, 1, 3.5, 3, 8.5)
size = Vector3(1, 6, 1)
material = ExtResource("1_sdfnv")

[node name="CSGBox3D27" type="CSGBox3D" parent="."]
transform = Transform3D(1, 0, 0, 0, 1, 0, 0, 0, 1, 4.5, 11.5, 8.5)
size = Vector3(3, 1, 3)
material = ExtResource("1_sdfnv")

[node name="CSGBox3D28" type="CSGBox3D" parent="."]
transform = Transform3D(1, 0, 0, 0, 1, 0, 0, 0, 1, -4.5, 5, 11.5)
size = Vector3(1, 6, 1)
material = ExtResource("1_sdfnv")

[node name="CSGBox3D38" type="CSGBox3D" parent="."]
transform = Transform3D(1, 0, 0, 0, 1, 0, 0, 0, 1, -4.5, 1, 9.5)
size = Vector3(1, 2, 1)
material = ExtResource("1_sdfnv")

[node name="CSGBox3D39" type="CSGBox3D" parent="."]
transform = Transform3D(1, 0, 0, 0, 1, 0, 0, 0, 1, -4.5, 4, 9.5)
size = Vector3(1, 2, 1)
material = ExtResource("1_sdfnv")

[node name="CSGBox3D40" type="CSGBox3D" parent="."]
transform = Transform3D(1, 0, 0, 0, 1, 0, 0, 0, 1, -3.5, 4.5, 9.5)
material = ExtResource("1_sdfnv")

[node name="CSGBox3D41" type="CSGBox3D" parent="."]
transform = Transform3D(1, 0, 0, 0, 1, 0, 0, 0, 1, -2.5, 4.5, 7)
size = Vector3(1, 1, 6)
material = ExtResource("1_sdfnv")

[node name="CSGBox3D37" type="CSGBox3D" parent="."]
transform = Transform3D(1, 0, 0, 0, 1, 0, 0, 0, 1, -4.5, 2.5, 9)
size = Vector3(1, 1, 4)
material = ExtResource("1_sdfnv")

[node name="CSGBox3D29" type="CSGBox3D" parent="."]
transform = Transform3D(1, 0, 0, 0, 1, 0, 0, 0, 1, -4.5, 8.5, 11.5)
size = Vector3(3, 1, 3)
material = ExtResource("1_sdfnv")

[node name="CSGBox3D30" type="CSGBox3D" parent="."]
transform = Transform3D(1, 0, 0, 0, 1, 0, 0, 0, 1, -4.5, 5, 6.5)
size = Vector3(1, 6, 1)
material = ExtResource("1_sdfnv")

[node name="CSGBox3D31" type="CSGBox3D" parent="."]
transform = Transform3D(1, 0, 0, 0, 1, 0, 0, 0, 1, -4.5, 8.5, 6.5)
size = Vector3(3, 1, 3)
material = ExtResource("1_sdfnv")

[node name="CSGBox3D32" type="CSGBox3D" parent="."]
transform = Transform3D(1, 0, 0, 0, 1, 0, 0, 0, 1, -2.5, 7, 3.5)
size = Vector3(1, 6, 1)
material = ExtResource("1_sdfnv")

[node name="CSGBox3D33" type="CSGBox3D" parent="."]
transform = Transform3D(1, 0, 0, 0, 1, 0, 0, 0, 1, -2.5, 10.5, 3.5)
size = Vector3(3, 1, 3)
material = ExtResource("1_sdfnv")

[node name="CSGBox3D47" type="CSGBox3D" parent="."]
transform = Transform3D(1, 0, 0, 0, 1, 0, 0, 0, 1, -4.5, 14.5, 7.5)
size = Vector3(1, 1, 3)
material = ExtResource("1_sdfnv")

[node name="CSGBox3D48" type="CSGBox3D" parent="."]
transform = Transform3D(1, 0, 0, 0, 1, 0, 0, 0, 1, -4.5, 14.5, 5.5)
size = Vector3(3, 3, 1)
material = ExtResource("1_sdfnv")
