[gd_scene load_steps=2 format=3 uid="uid://bs01ygbnkpfwe"]

[ext_resource type="Material" uid="uid://bk1jki3qc31vu" path="res://textures/resources/CSG.tres" id="1_7s15p"]

[node name="minitile_2x5_1" type="Node3D"]

[node name="CSGBox3D" type="CSGBox3D" parent="."]
transform = Transform3D(1, 0, 0, 0, 1, 0, 0, 0, 1, 0, -25, 0)
material_override = ExtResource("1_7s15p")
size = Vector3(16, 50, 40)

[node name="CSGBox3D2" type="CSGBox3D" parent="."]
transform = Transform3D(1, 0, 0, 0, 1, 0, 0, 0, 1, -2, 3, -12)
material_override = ExtResource("1_7s15p")
size = Vector3(2, 6, 2)

[node name="CSGBox3D17" type="CSGBox3D" parent="."]
transform = Transform3D(1, 0, 0, 0, 1, 0, 0, 0, 1, -2, 0.5, -12)
material_override = ExtResource("1_7s15p")
size = Vector3(4, 1, 4)

[node name="CSGBox3D18" type="CSGBox3D" parent="."]
transform = Transform3D(1, 0, 0, 0, 1, 0, 0, 0, 1, -2, 2.5, -12)
material_override = ExtResource("1_7s15p")
size = Vector3(4, 1, 4)

[node name="CSGBox3D19" type="CSGBox3D" parent="."]
transform = Transform3D(1, 0, 0, 0, 1, 0, 0, 0, 1, -2, 4.5, -12)
material_override = ExtResource("1_7s15p")
size = Vector3(4, 1, 4)

[node name="CSGBox3D20" type="CSGBox3D" parent="."]
transform = Transform3D(1, 0, 0, 0, 1, 0, 0, 0, 1, -2, 7, -12)
material_override = ExtResource("1_7s15p")
size = Vector3(4, 2, 4)

[node name="CSGBox3D3" type="CSGBox3D" parent="."]
transform = Transform3D(1, 0, 0, 0, 1, 0, 0, 0, 1, -2.5, 9, 13.5)
material_override = ExtResource("1_7s15p")
size = Vector3(1, 18, 1)

[node name="CSGBox3D10" type="CSGBox3D" parent="."]
transform = Transform3D(1, 0, 0, 0, 1, 0, 0, 0, 1, -2.5, 0.5, 13.5)
material_override = ExtResource("1_7s15p")
size = Vector3(3, 1, 3)

[node name="CSGBox3D11" type="CSGBox3D" parent="."]
transform = Transform3D(1, 0, 0, 0, 1, 0, 0, 0, 1, -2.5, 4.5, 13.5)
material_override = ExtResource("1_7s15p")
size = Vector3(3, 1, 3)

[node name="CSGBox3D12" type="CSGBox3D" parent="."]
transform = Transform3D(1, 0, 0, 0, 1, 0, 0, 0, 1, -2.5, 8.5, 13.5)
material_override = ExtResource("1_7s15p")
size = Vector3(3, 1, 3)

[node name="CSGBox3D13" type="CSGBox3D" parent="."]
transform = Transform3D(1, 0, 0, 0, 1, 0, 0, 0, 1, -2.5, 11.5, 13.5)
material_override = ExtResource("1_7s15p")
size = Vector3(3, 1, 3)

[node name="CSGBox3D14" type="CSGBox3D" parent="."]
transform = Transform3D(1, 0, 0, 0, 1, 0, 0, 0, 1, -2.5, 14.5, 13.5)
material_override = ExtResource("1_7s15p")
size = Vector3(3, 1, 3)

[node name="CSGBox3D15" type="CSGBox3D" parent="."]
transform = Transform3D(1, 0, 0, 0, 1, 0, 0, 0, 1, -2.5, 16.5, 13.5)
material_override = ExtResource("1_7s15p")
size = Vector3(3, 1, 3)

[node name="CSGBox3D16" type="CSGBox3D" parent="."]
transform = Transform3D(1, 0, 0, 0, 1, 0, 0, 0, 1, -2.5, 19, 13.5)
material_override = ExtResource("1_7s15p")
size = Vector3(3, 2, 3)

[node name="CSGBox3D4" type="CSGBox3D" parent="."]
transform = Transform3D(1, 0, 0, 0, 1, 0, 0, 0, 1, 4, 4, 1)
material_override = ExtResource("1_7s15p")
size = Vector3(2, 8, 2)

[node name="CSGBox3D5" type="CSGBox3D" parent="."]
transform = Transform3D(1, 0, 0, 0, 1, 0, 0, 0, 1, 4, 0.5, 1)
material_override = ExtResource("1_7s15p")
size = Vector3(6, 1, 6)

[node name="CSGBox3D6" type="CSGBox3D" parent="."]
transform = Transform3D(1, 0, 0, 0, 1, 0, 0, 0, 1, 4, 2.5, 1)
material_override = ExtResource("1_7s15p")
size = Vector3(6, 1, 6)

[node name="CSGBox3D7" type="CSGBox3D" parent="."]
transform = Transform3D(1, 0, 0, 0, 1, 0, 0, 0, 1, 4, 4.5, 1)
material_override = ExtResource("1_7s15p")
size = Vector3(6, 1, 6)

[node name="CSGBox3D8" type="CSGBox3D" parent="."]
transform = Transform3D(1, 0, 0, 0, 1, 0, 0, 0, 1, 4, 6.5, 1)
material_override = ExtResource("1_7s15p")
size = Vector3(6, 1, 6)

[node name="CSGBox3D9" type="CSGBox3D" parent="."]
transform = Transform3D(1, 0, 0, 0, 1, 0, 0, 0, 1, 4, 9, 1)
material_override = ExtResource("1_7s15p")
size = Vector3(6, 2, 6)
