[gd_scene load_steps=2 format=3 uid="uid://kqfiqb05hch1"]

[ext_resource type="Material" uid="uid://bk1jki3qc31vu" path="res://textures/resources/CSG.tres" id="1_33ev4"]

[node name="minitile_3x4_1" type="Node3D"]

[node name="CSGBox3D" type="CSGBox3D" parent="."]
transform = Transform3D(1, 0, 0, 0, 1, 0, 0, 0, 1, 0, -25, 0)
size = Vector3(24, 50, 32)
material = ExtResource("1_33ev4")

[node name="CSGBox3D2" type="CSGBox3D" parent="."]
transform = Transform3D(1, 0, 0, 0, 1, 0, 0, 0, 1, 9.5, 5.5, 12.5)
size = Vector3(1, 7, 1)
material = ExtResource("1_33ev4")

[node name="CSGBox3D14" type="CSGBox3D" parent="."]
transform = Transform3D(1, 0, 0, 0, 1, 0, 0, 0, 1, -0.5, 6.5, 2.5)
size = Vector3(1, 5, 1)
material = ExtResource("1_33ev4")

[node name="CSGBox3D23" type="CSGBox3D" parent="."]
transform = Transform3D(1, 0, 0, 0, 1, 0, 0, 0, 1, -8.5, 6.5, -9.5)
size = Vector3(1, 5, 1)
material = ExtResource("1_33ev4")

[node name="CSGBox3D15" type="CSGBox3D" parent="."]
transform = Transform3D(1, 0, 0, 0, 1, 0, 0, 0, 1, -2.5, 1.5, 2.5)
size = Vector3(1, 3, 1)
material = ExtResource("1_33ev4")

[node name="CSGBox3D21" type="CSGBox3D" parent="."]
transform = Transform3D(1, 0, 0, 0, 1, 0, 0, 0, 1, -9.5, 1.5, -11.5)
size = Vector3(1, 3, 1)
material = ExtResource("1_33ev4")

[node name="CSGBox3D6" type="CSGBox3D" parent="."]
transform = Transform3D(1, 0, 0, 0, 1, 0, 0, 0, 1, 7, 9.5, 9)
size = Vector3(8, 1, 12)
material = ExtResource("1_33ev4")

[node name="CSGBox3D12" type="CSGBox3D" parent="."]
transform = Transform3D(1, 0, 0, 0, 1, 0, 0, 0, 1, -1.5, 9.5, 1.5)
size = Vector3(9, 1, 7)
material = ExtResource("1_33ev4")

[node name="CSGBox3D22" type="CSGBox3D" parent="."]
transform = Transform3D(1, 0, 0, 0, 1, 0, 0, 0, 1, -6.5, 9.5, -10.5)
size = Vector3(9, 1, 7)
material = ExtResource("1_33ev4")

[node name="CSGBox3D13" type="CSGBox3D" parent="."]
transform = Transform3D(1, 0, 0, 0, 1, 0, 0, 0, 1, -1.5, 3.5, 2.5)
size = Vector3(5, 1, 5)
material = ExtResource("1_33ev4")

[node name="CSGBox3D20" type="CSGBox3D" parent="."]
transform = Transform3D(1, 0, 0, 0, 1, 0, 0, 0, 1, -8.5, 3.5, -10.5)
size = Vector3(5, 1, 5)
material = ExtResource("1_33ev4")

[node name="CSGBox3D7" type="CSGBox3D" parent="."]
transform = Transform3D(1, 0, 0, 0, 1, 0, 0, 0, 1, 6.5, 6.5, -2.5)
size = Vector3(7, 1, 7)
material = ExtResource("1_33ev4")

[node name="CSGBox3D5" type="CSGBox3D" parent="."]
transform = Transform3D(1, 0, 0, 0, 1, 0, 0, 0, 1, 9, 1, 12)
size = Vector3(2, 2, 2)
material = ExtResource("1_33ev4")

[node name="CSGBox3D16" type="CSGBox3D" parent="."]
transform = Transform3D(1, 0, 0, 0, 1, 0, 0, 0, 1, -7.50864, 2.03402, 2.5346)
size = Vector3(1, 4, 1)
material = ExtResource("1_33ev4")

[node name="CSGBox3D17" type="CSGBox3D" parent="."]
transform = Transform3D(1, 0, 0, 0, 1, 0, 0, 0, 1, -6.50864, 3.03402, 11.5346)
size = Vector3(1, 6, 1)
material = ExtResource("1_33ev4")

[node name="CSGBox3D18" type="CSGBox3D" parent="."]
transform = Transform3D(1, 0, 0, 0, 1, 0, 0, 0, 1, -7.5, 4.5, 3.5)
size = Vector3(5, 1, 6)
material = ExtResource("1_33ev4")

[node name="CSGBox3D19" type="CSGBox3D" parent="."]
transform = Transform3D(1, 0, 0, 0, 1, 0, 0, 0, 1, -6.5, 6.5, 11.5)
size = Vector3(5, 1, 7)
material = ExtResource("1_33ev4")

[node name="CSGBox3D3" type="CSGBox3D" parent="."]
transform = Transform3D(1, 0, 0, 0, 1, 0, 0, 0, 1, 5.5, 3, -2.5)
size = Vector3(1, 6, 1)
material = ExtResource("1_33ev4")

[node name="CSGBox3D8" type="CSGBox3D" parent="."]
transform = Transform3D(1, 0, 0, 0, 1, 0, 0, 0, 1, 7.5, 6.5, -11.5)
size = Vector3(7, 1, 7)
material = ExtResource("1_33ev4")

[node name="CSGBox3D4" type="CSGBox3D" parent="."]
transform = Transform3D(1, 0, 0, 0, 1, 0, 0, 0, 1, 7.5, 3, -12.5)
size = Vector3(1, 6, 1)
material = ExtResource("1_33ev4")
