[gd_scene load_steps=2 format=3 uid="uid://bipigogktgod0"]

[ext_resource type="Material" uid="uid://bk1jki3qc31vu" path="res://textures/resources/CSG.tres" id="1_ddf1g"]

[node name="minitile_1x5_1" type="Node3D"]

[node name="CSGBox3D" type="CSGBox3D" parent="."]
transform = Transform3D(1, 0, 0, 0, 1, 0, 0, 0, 1, 0, -25, 0)
size = Vector3(8, 50, 40)
material = ExtResource("1_ddf1g")

[node name="CSGBox3D4" type="CSGBox3D" parent="."]
transform = Transform3D(1, 0, 0, 0, 1, 0, 0, 0, 1, 2.5, 7.5, 4)
size = Vector3(1, 1, 22)
material = ExtResource("1_ddf1g")

[node name="CSGBox3D11" type="CSGBox3D" parent="."]
transform = Transform3D(1, 0, 0, 0, 1, 0, 0, 0, 1, 2.5, 5.5, 14)
size = Vector3(1, 3, 2)
material = ExtResource("1_ddf1g")

[node name="CSGBox3D12" type="CSGBox3D" parent="."]
transform = Transform3D(1, 0, 0, 0, 1, 0, 0, 0, 1, 2.5, 6.5, -6)
size = Vector3(1, 1, 2)
material = ExtResource("1_ddf1g")

[node name="CSGBox3D6" type="CSGBox3D" parent="."]
transform = Transform3D(1, 0, 0, 0, 1, 0, 0, 0, 1, -1.5, 7.5, 4)
size = Vector3(1, 1, 22)
material = ExtResource("1_ddf1g")

[node name="CSGBox3D14" type="CSGBox3D" parent="."]
transform = Transform3D(1, 0, 0, 0, 1, 0, 0, 0, 1, -1.5, 3, 14)
size = Vector3(1, 8, 2)
material = ExtResource("1_ddf1g")

[node name="CSGBox3D15" type="CSGBox3D" parent="."]
transform = Transform3D(1, 0, 0, 0, 1, 0, 0, 0, 1, -1.5, 6.5, -6)
size = Vector3(1, 1, 2)
material = ExtResource("1_ddf1g")

[node name="CSGBox3D3" type="CSGBox3D" parent="."]
transform = Transform3D(1, 0, 0, 0, 1, 0, 0, 0, 1, 0.5, 3, -9)
size = Vector3(5, 6, 18)
material = ExtResource("1_ddf1g")

[node name="CSGBox3D5" type="CSGBox3D" parent="."]
transform = Transform3D(1, 0, 0, 0, 1, 0, 0, 0, 1, -2.5, 2, -12)
size = Vector3(1, 6, 8)
material = ExtResource("1_ddf1g")

[node name="CSGBox3D13" type="CSGBox3D" parent="."]
transform = Transform3D(1, 0, 0, 0, 1, 0, 0, 0, 1, -0.01408, 1, 0.997995)
size = Vector3(2, 2, 2)
material = ExtResource("1_ddf1g")

[node name="CSGBox3D7" type="CSGBox3D" parent="."]
transform = Transform3D(1, 0, 0, 0, 1, 0, 0, 0, 1, 1, 1, 14)
size = Vector3(4, 6, 4)
material = ExtResource("1_ddf1g")
