[gd_scene load_steps=2 format=3 uid="uid://fgort0ctk4w7"]

[ext_resource type="Material" uid="uid://bk1jki3qc31vu" path="res://textures/resources/CSG.tres" id="1_cihma"]

[node name="minitile_2x5_1" type="Node3D"]

[node name="CSGBox3D" type="CSGBox3D" parent="."]
transform = Transform3D(1, 0, 0, 0, 1, 0, 0, 0, 1, 0, -25, 0)
material_override = ExtResource("1_cihma")
size = Vector3(16, 50, 40)

[node name="CSGBox3D4" type="CSGBox3D" parent="."]
transform = Transform3D(1, 0, 0, 0, 1, 0, 0, 0, 1, 2.5, 8, 6.5)
size = Vector3(1, 2, 17)
material = ExtResource("1_cihma")

[node name="CSGBox3D11" type="CSGBox3D" parent="."]
transform = Transform3D(1, 0, 0, 0, 1, 0, 0, 0, 1, 2.5, 4.5, 16)
size = Vector3(1, 9, 2)
material = ExtResource("1_cihma")

[node name="CSGBox3D12" type="CSGBox3D" parent="."]
transform = Transform3D(1, 0, 0, 0, 1, 0, 0, 0, 1, 2.5, 6.5, -1)
size = Vector3(1, 1, 2)
material = ExtResource("1_cihma")

[node name="CSGBox3D3" type="CSGBox3D" parent="."]
transform = Transform3D(1, 0, 0, 0, 1, 0, 0, 0, 1, 1, 3, -5.5)
size = Vector3(12, 6, 25)
material = ExtResource("1_cihma")

[node name="CSGBox3D5" type="CSGBox3D" parent="."]
transform = Transform3D(1, 0, 0, 0, 1, 0, 0, 0, 1, -5.5, 2, 2.5)
size = Vector3(1, 4, 5)
material = ExtResource("1_cihma")

[node name="CSGBox3D6" type="CSGBox3D" parent="."]
transform = Transform3D(1, 0, 0, 0, 1, 0, 0, 0, 1, -5.5, 2, -3.5)
size = Vector3(1, 4, 5)
material = ExtResource("1_cihma")

[node name="CSGBox3D7" type="CSGBox3D" parent="."]
transform = Transform3D(1, 0, 0, 0, 1, 0, 0, 0, 1, -5.5, 2, -9.5)
size = Vector3(1, 4, 5)
material = ExtResource("1_cihma")

[node name="CSGBox3D13" type="CSGBox3D" parent="."]
transform = Transform3D(1, 0, 0, 0, 1, 0, 0, 0, 1, -3.51408, 1.5, 8.498)
size = Vector3(3, 3, 3)
material = ExtResource("1_cihma")

[node name="CSGBox3D14" type="CSGBox3D" parent="."]
transform = Transform3D(1, 0, 0, 0, 1, 0, 0, 0, 1, 0.98592, 1.5, 8.498)
size = Vector3(2, 3, 3)
material = ExtResource("1_cihma")

[node name="CSGBox3D15" type="CSGBox3D" parent="."]
transform = Transform3D(1, 0, 0, 0, 1, 0, 0, 0, 1, 5.48592, 1.5, 8.498)
size = Vector3(3, 3, 3)
material = ExtResource("1_cihma")
