[gd_scene load_steps=2 format=3 uid="uid://cntk88nfst2dd"]

[ext_resource type="Material" uid="uid://bk1jki3qc31vu" path="res://textures/resources/CSG.tres" id="1_qkxr8"]

[node name="minitile_3x3_1" type="Node3D"]

[node name="CSGBox3D" type="CSGBox3D" parent="."]
transform = Transform3D(1, 0, 0, 0, 1, 0, 0, 0, 1, 0, -25, 0)
material_override = ExtResource("1_qkxr8")
size = Vector3(24, 50, 24)

[node name="CSGBox3D50" type="CSGBox3D" parent="."]
transform = Transform3D(1, 0, 0, 0, 1, 0, 0, 0, 1, 3.5, 6.5, 0)
material_override = ExtResource("1_qkxr8")
size = Vector3(1, 1, 8)

[node name="CSGBox3D51" type="CSGBox3D" parent="."]
transform = Transform3D(1, 0, 0, 0, 1, 0, 0, 0, 1, 0, 6.5, 3.5)
material_override = ExtResource("1_qkxr8")
size = Vector3(6, 1, 1)

[node name="CSGBox3D55" type="CSGBox3D" parent="."]
transform = Transform3D(1, 0, 0, 0, 1, 0, 0, 0, 1, -2, 6.5, 0)
material_override = ExtResource("1_qkxr8")
size = Vector3(2, 1, 6)

[node name="CSGBox3D63" type="CSGBox3D" parent="."]
transform = Transform3D(1, 0, 0, 0, 1, 0, 0, 0, 1, 1, 6.5, 2)
material_override = ExtResource("1_qkxr8")
size = Vector3(4, 1, 2)

[node name="CSGBox3D52" type="CSGBox3D" parent="."]
transform = Transform3D(1, 0, 0, 0, 1, 0, 0, 0, 1, 0, 6.5, -3.5)
material_override = ExtResource("1_qkxr8")
size = Vector3(6, 1, 1)

[node name="CSGBox3D53" type="CSGBox3D" parent="."]
transform = Transform3D(1, 0, 0, 0, 1, 0, 0, 0, 1, -3.5, 6.5, 0)
material_override = ExtResource("1_qkxr8")
size = Vector3(1, 1, 8)

[node name="CSGBox3D42" type="CSGBox3D" parent="."]
transform = Transform3D(1, 0, 0, 0, 1, 0, 0, 0, 1, 3.5, 3, -3.5)
material_override = ExtResource("1_qkxr8")
size = Vector3(1, 6, 1)

[node name="CSGBox3D43" type="CSGBox3D" parent="."]
transform = Transform3D(1, 0, 0, 0, 1, 0, 0, 0, 1, -2, 2, -3.5)
material_override = ExtResource("1_qkxr8")
size = Vector3(2, 4, 1)

[node name="CSGBox3D59" type="CSGBox3D" parent="."]
transform = Transform3D(1, 0, 0, 0, 1, 0, 0, 0, 1, 0, 5, -3.5)
material_override = ExtResource("1_qkxr8")
size = Vector3(6, 2, 1)

[node name="CSGBox3D58" type="CSGBox3D" parent="."]
transform = Transform3D(1, 0, 0, 0, 1, 0, 0, 0, 1, 0, 5, 3.5)
material_override = ExtResource("1_qkxr8")
size = Vector3(6, 2, 1)

[node name="CSGBox3D54" type="CSGBox3D" parent="."]
transform = Transform3D(1, 0, 0, 0, 1, 0, 0, 0, 1, 2, 2, 3.5)
material_override = ExtResource("1_qkxr8")
size = Vector3(2, 4, 1)

[node name="CSGBox3D64" type="CSGBox3D" parent="."]
transform = Transform3D(1, 0, 0, 0, 1, 0, 0, 0, 1, 3.5, 1, 0)
material_override = ExtResource("1_qkxr8")
size = Vector3(1, 2, 6)

[node name="CSGBox3D60" type="CSGBox3D" parent="."]
transform = Transform3D(1, 0, 0, 0, 1, 0, 0, 0, 1, 3.5, 4, 2)
material_override = ExtResource("1_qkxr8")
size = Vector3(1, 4, 2)

[node name="CSGBox3D57" type="CSGBox3D" parent="."]
transform = Transform3D(1, 0, 0, 0, 1, 0, 0, 0, 1, -3.5, 5, -1)
material_override = ExtResource("1_qkxr8")
size = Vector3(1, 2, 4)

[node name="CSGBox3D45" type="CSGBox3D" parent="."]
transform = Transform3D(1, 0, 0, 0, 1, 0, 0, 0, 1, -3.5, 3, -3.5)
material_override = ExtResource("1_qkxr8")
size = Vector3(1, 6, 1)

[node name="CSGBox3D46" type="CSGBox3D" parent="."]
transform = Transform3D(1, 0, 0, 0, 1, 0, 0, 0, 1, 3.5, 3, 3.5)
material_override = ExtResource("1_qkxr8")
size = Vector3(1, 6, 1)

[node name="CSGBox3D47" type="CSGBox3D" parent="."]
transform = Transform3D(1, 0, 0, 0, 1, 0, 0, 0, 1, -3.5, 3, 2.5)
material_override = ExtResource("1_qkxr8")
size = Vector3(1, 6, 3)

[node name="CSGBox3D56" type="CSGBox3D" parent="."]
transform = Transform3D(1, 0, 0, 0, 1, 0, 0, 0, 1, -4.5, 6.5, 0)
material_override = ExtResource("1_qkxr8")
size = Vector3(1, 1, 8)

[node name="CSGBox3D61" type="CSGBox3D" parent="."]
transform = Transform3D(1, 0, 0, 0, 1, 0, 0, 0, 1, -8, 6.5, 3.5)
material_override = ExtResource("1_qkxr8")
size = Vector3(6, 1, 1)

[node name="CSGBox3D62" type="CSGBox3D" parent="."]
transform = Transform3D(1, 0, 0, 0, 1, 0, 0, 0, 1, -10, 6.5, 0)
material_override = ExtResource("1_qkxr8")
size = Vector3(2, 1, 6)

[node name="CSGBox3D65" type="CSGBox3D" parent="."]
transform = Transform3D(1, 0, 0, 0, 1, 0, 0, 0, 1, -6, 6.5, -2)
material_override = ExtResource("1_qkxr8")
size = Vector3(2, 1, 2)

[node name="CSGBox3D66" type="CSGBox3D" parent="."]
transform = Transform3D(1, 0, 0, 0, 1, 0, 0, 0, 1, -6, 6.5, 2)
material_override = ExtResource("1_qkxr8")
size = Vector3(2, 1, 2)

[node name="CSGBox3D67" type="CSGBox3D" parent="."]
transform = Transform3D(1, 0, 0, 0, 1, 0, 0, 0, 1, -8, 6.5, -3.5)
material_override = ExtResource("1_qkxr8")
size = Vector3(6, 1, 1)

[node name="CSGBox3D68" type="CSGBox3D" parent="."]
transform = Transform3D(1, 0, 0, 0, 1, 0, 0, 0, 1, -11.5, 6.5, 0)
material_override = ExtResource("1_qkxr8")
size = Vector3(1, 1, 8)

[node name="CSGBox3D44" type="CSGBox3D" parent="."]
transform = Transform3D(1, 0, 0, 0, 1, 0, 0, 0, 1, -4.5, 3, -3.5)
material_override = ExtResource("1_qkxr8")
size = Vector3(1, 6, 1)

[node name="CSGBox3D48" type="CSGBox3D" parent="."]
transform = Transform3D(1, 0, 0, 0, 1, 0, 0, 0, 1, -10, 1, -3.5)
material_override = ExtResource("1_qkxr8")
size = Vector3(2, 2, 1)

[node name="CSGBox3D49" type="CSGBox3D" parent="."]
transform = Transform3D(1, 0, 0, 0, 1, 0, 0, 0, 1, -6, 3, -3.5)
material_override = ExtResource("1_qkxr8")
size = Vector3(2, 6, 1)

[node name="CSGBox3D69" type="CSGBox3D" parent="."]
transform = Transform3D(1, 0, 0, 0, 1, 0, 0, 0, 1, -10, 5, -3.5)
material_override = ExtResource("1_qkxr8")
size = Vector3(2, 2, 1)

[node name="CSGBox3D70" type="CSGBox3D" parent="."]
transform = Transform3D(1, 0, 0, 0, 1, 0, 0, 0, 1, -10, 1, 3.5)
material_override = ExtResource("1_qkxr8")
size = Vector3(2, 2, 1)

[node name="CSGBox3D71" type="CSGBox3D" parent="."]
transform = Transform3D(1, 0, 0, 0, 1, 0, 0, 0, 1, -8, 5, 3.5)
material_override = ExtResource("1_qkxr8")
size = Vector3(6, 2, 1)

[node name="CSGBox3D72" type="CSGBox3D" parent="."]
transform = Transform3D(1, 0, 0, 0, 1, 0, 0, 0, 1, -6, 1, 3.5)
material_override = ExtResource("1_qkxr8")
size = Vector3(2, 2, 1)

[node name="CSGBox3D73" type="CSGBox3D" parent="."]
transform = Transform3D(1, 0, 0, 0, 1, 0, 0, 0, 1, -4.5, 5, -2)
material_override = ExtResource("1_qkxr8")
size = Vector3(1, 2, 2)

[node name="CSGBox3D74" type="CSGBox3D" parent="."]
transform = Transform3D(1, 0, 0, 0, 1, 0, 0, 0, 1, -4.5, 1, 0)
material_override = ExtResource("1_qkxr8")
size = Vector3(1, 2, 6)

[node name="CSGBox3D75" type="CSGBox3D" parent="."]
transform = Transform3D(1, 0, 0, 0, 1, 0, 0, 0, 1, -4.5, 5, 2)
material_override = ExtResource("1_qkxr8")
size = Vector3(1, 2, 2)

[node name="CSGBox3D76" type="CSGBox3D" parent="."]
transform = Transform3D(1, 0, 0, 0, 1, 0, 0, 0, 1, -11.5, 5, -2)
material_override = ExtResource("1_qkxr8")
size = Vector3(1, 2, 2)

[node name="CSGBox3D77" type="CSGBox3D" parent="."]
transform = Transform3D(1, 0, 0, 0, 1, 0, 0, 0, 1, -11.5, 1, -2)
material_override = ExtResource("1_qkxr8")
size = Vector3(1, 2, 2)

[node name="CSGBox3D78" type="CSGBox3D" parent="."]
transform = Transform3D(1, 0, 0, 0, 1, 0, 0, 0, 1, -11.5, 3, -3.5)
material_override = ExtResource("1_qkxr8")
size = Vector3(1, 6, 1)

[node name="CSGBox3D79" type="CSGBox3D" parent="."]
transform = Transform3D(1, 0, 0, 0, 1, 0, 0, 0, 1, -4.5, 3, 3.5)
material_override = ExtResource("1_qkxr8")
size = Vector3(1, 6, 1)

[node name="CSGBox3D80" type="CSGBox3D" parent="."]
transform = Transform3D(1, 0, 0, 0, 1, 0, 0, 0, 1, -11.5, 3, 2.5)
material_override = ExtResource("1_qkxr8")
size = Vector3(1, 6, 3)

[node name="CSGBox3D81" type="CSGBox3D" parent="."]
transform = Transform3D(1, 0, 0, 0, 1, 0, 0, 0, 1, -4.5, 6.5, -8)
material_override = ExtResource("1_qkxr8")
size = Vector3(1, 1, 8)

[node name="CSGBox3D82" type="CSGBox3D" parent="."]
transform = Transform3D(1, 0, 0, 0, 1, 0, 0, 0, 1, -8, 6.5, -4.5)
material_override = ExtResource("1_qkxr8")
size = Vector3(6, 1, 1)

[node name="CSGBox3D83" type="CSGBox3D" parent="."]
transform = Transform3D(1, 0, 0, 0, 1, 0, 0, 0, 1, -9, 6.5, -10)
material_override = ExtResource("1_qkxr8")
size = Vector3(4, 1, 2)

[node name="CSGBox3D84" type="CSGBox3D" parent="."]
transform = Transform3D(1, 0, 0, 0, 1, 0, 0, 0, 1, -8, 6.5, -6)
material_override = ExtResource("1_qkxr8")
size = Vector3(6, 1, 2)

[node name="CSGBox3D85" type="CSGBox3D" parent="."]
transform = Transform3D(1, 0, 0, 0, 1, 0, 0, 0, 1, -8, 6.5, -11.5)
material_override = ExtResource("1_qkxr8")
size = Vector3(6, 1, 1)

[node name="CSGBox3D86" type="CSGBox3D" parent="."]
transform = Transform3D(1, 0, 0, 0, 1, 0, 0, 0, 1, -11.5, 6.5, -8)
material_override = ExtResource("1_qkxr8")
size = Vector3(1, 1, 8)

[node name="CSGBox3D87" type="CSGBox3D" parent="."]
transform = Transform3D(1, 0, 0, 0, 1, 0, 0, 0, 1, -4.5, 3, -10.5)
material_override = ExtResource("1_qkxr8")
size = Vector3(1, 6, 3)

[node name="CSGBox3D88" type="CSGBox3D" parent="."]
transform = Transform3D(1, 0, 0, 0, 1, 0, 0, 0, 1, -10, 1, -11.5)
material_override = ExtResource("1_qkxr8")
size = Vector3(2, 2, 1)

[node name="CSGBox3D89" type="CSGBox3D" parent="."]
transform = Transform3D(1, 0, 0, 0, 1, 0, 0, 0, 1, -9, 4, -11.5)
material_override = ExtResource("1_qkxr8")
size = Vector3(4, 4, 1)

[node name="CSGBox3D90" type="CSGBox3D" parent="."]
transform = Transform3D(1, 0, 0, 0, 1, 0, 0, 0, 1, -9, 4, -4.5)
material_override = ExtResource("1_qkxr8")
size = Vector3(4, 4, 1)

[node name="CSGBox3D91" type="CSGBox3D" parent="."]
transform = Transform3D(1, 0, 0, 0, 1, 0, 0, 0, 1, -6, 5, -4.5)
material_override = ExtResource("1_qkxr8")
size = Vector3(2, 2, 1)

[node name="CSGBox3D92" type="CSGBox3D" parent="."]
transform = Transform3D(1, 0, 0, 0, 1, 0, 0, 0, 1, -4.5, 2, -8)
material_override = ExtResource("1_qkxr8")
size = Vector3(1, 4, 2)

[node name="CSGBox3D93" type="CSGBox3D" parent="."]
transform = Transform3D(1, 0, 0, 0, 1, 0, 0, 0, 1, -11.5, 4, -6)
material_override = ExtResource("1_qkxr8")
size = Vector3(1, 4, 2)

[node name="CSGBox3D94" type="CSGBox3D" parent="."]
transform = Transform3D(1, 0, 0, 0, 1, 0, 0, 0, 1, -11.5, 3, -10.5)
material_override = ExtResource("1_qkxr8")
size = Vector3(1, 6, 3)

[node name="CSGBox3D95" type="CSGBox3D" parent="."]
transform = Transform3D(1, 0, 0, 0, 1, 0, 0, 0, 1, -4.5, 3, -4.5)
material_override = ExtResource("1_qkxr8")
size = Vector3(1, 6, 1)

[node name="CSGBox3D96" type="CSGBox3D" parent="."]
transform = Transform3D(1, 0, 0, 0, 1, 0, 0, 0, 1, -11.5, 3, -4.5)
material_override = ExtResource("1_qkxr8")
size = Vector3(1, 6, 1)

[node name="CSGBox3D97" type="CSGBox3D" parent="."]
transform = Transform3D(1, 0, 0, 0, 1, 0, 0, 0, 1, 3.5, 6.5, 8)
material_override = ExtResource("1_qkxr8")
size = Vector3(1, 1, 8)

[node name="CSGBox3D98" type="CSGBox3D" parent="."]
transform = Transform3D(1, 0, 0, 0, 1, 0, 0, 0, 1, 0, 6.5, 11.5)
material_override = ExtResource("1_qkxr8")
size = Vector3(6, 1, 1)

[node name="CSGBox3D99" type="CSGBox3D" parent="."]
transform = Transform3D(1, 0, 0, 0, 1, 0, 0, 0, 1, -2, 6.5, 8)
material_override = ExtResource("1_qkxr8")
size = Vector3(2, 1, 6)

[node name="CSGBox3D100" type="CSGBox3D" parent="."]
transform = Transform3D(1, 0, 0, 0, 1, 0, 0, 0, 1, 0, 6.5, 7)
material_override = ExtResource("1_qkxr8")
size = Vector3(2, 1, 4)

[node name="CSGBox3D101" type="CSGBox3D" parent="."]
transform = Transform3D(1, 0, 0, 0, 1, 0, 0, 0, 1, 0, 6.5, 4.5)
material_override = ExtResource("1_qkxr8")
size = Vector3(6, 1, 1)

[node name="CSGBox3D102" type="CSGBox3D" parent="."]
transform = Transform3D(1, 0, 0, 0, 1, 0, 0, 0, 1, -3.5, 6.5, 8)
material_override = ExtResource("1_qkxr8")
size = Vector3(1, 1, 8)

[node name="CSGBox3D103" type="CSGBox3D" parent="."]
transform = Transform3D(1, 0, 0, 0, 1, 0, 0, 0, 1, 3.5, 3, 4.5)
material_override = ExtResource("1_qkxr8")
size = Vector3(1, 6, 1)

[node name="CSGBox3D104" type="CSGBox3D" parent="."]
transform = Transform3D(1, 0, 0, 0, 1, 0, 0, 0, 1, -2, 5, 4.5)
material_override = ExtResource("1_qkxr8")
size = Vector3(2, 2, 1)

[node name="CSGBox3D105" type="CSGBox3D" parent="."]
transform = Transform3D(1, 0, 0, 0, 1, 0, 0, 0, 1, -1, 2, 4.5)
material_override = ExtResource("1_qkxr8")
size = Vector3(4, 4, 1)

[node name="CSGBox3D106" type="CSGBox3D" parent="."]
transform = Transform3D(1, 0, 0, 0, 1, 0, 0, 0, 1, -1, 2, 11.5)
material_override = ExtResource("1_qkxr8")
size = Vector3(4, 4, 1)

[node name="CSGBox3D107" type="CSGBox3D" parent="."]
transform = Transform3D(1, 0, 0, 0, 1, 0, 0, 0, 1, 2, 1, 11.5)
material_override = ExtResource("1_qkxr8")
size = Vector3(2, 2, 1)

[node name="CSGBox3D108" type="CSGBox3D" parent="."]
transform = Transform3D(1, 0, 0, 0, 1, 0, 0, 0, 1, 3.5, 2, 8)
material_override = ExtResource("1_qkxr8")
size = Vector3(1, 4, 2)

[node name="CSGBox3D109" type="CSGBox3D" parent="."]
transform = Transform3D(1, 0, 0, 0, 1, 0, 0, 0, 1, 3.5, 3, 10)
material_override = ExtResource("1_qkxr8")
size = Vector3(1, 6, 2)

[node name="CSGBox3D110" type="CSGBox3D" parent="."]
transform = Transform3D(1, 0, 0, 0, 1, 0, 0, 0, 1, -3.5, 4, 6)
material_override = ExtResource("1_qkxr8")
size = Vector3(1, 4, 2)

[node name="CSGBox3D111" type="CSGBox3D" parent="."]
transform = Transform3D(1, 0, 0, 0, 1, 0, 0, 0, 1, -3.5, 3, 4.5)
material_override = ExtResource("1_qkxr8")
size = Vector3(1, 6, 1)

[node name="CSGBox3D112" type="CSGBox3D" parent="."]
transform = Transform3D(1, 0, 0, 0, 1, 0, 0, 0, 1, 3.5, 3, 11.5)
material_override = ExtResource("1_qkxr8")
size = Vector3(1, 6, 1)

[node name="CSGBox3D113" type="CSGBox3D" parent="."]
transform = Transform3D(1, 0, 0, 0, 1, 0, 0, 0, 1, -3.5, 3, 10.5)
material_override = ExtResource("1_qkxr8")
size = Vector3(1, 6, 3)

[node name="CSGBox3D114" type="CSGBox3D" parent="."]
transform = Transform3D(1, 0, 0, 0, 1, 0, 0, 0, 1, 11.5, 6.5, 0)
material_override = ExtResource("1_qkxr8")
size = Vector3(1, 1, 8)

[node name="CSGBox3D115" type="CSGBox3D" parent="."]
transform = Transform3D(1, 0, 0, 0, 1, 0, 0, 0, 1, 8, 6.5, 3.5)
material_override = ExtResource("1_qkxr8")
size = Vector3(6, 1, 1)

[node name="CSGBox3D116" type="CSGBox3D" parent="."]
transform = Transform3D(1, 0, 0, 0, 1, 0, 0, 0, 1, 6, 6.5, 0)
material_override = ExtResource("1_qkxr8")
size = Vector3(2, 1, 6)

[node name="CSGBox3D117" type="CSGBox3D" parent="."]
transform = Transform3D(1, 0, 0, 0, 1, 0, 0, 0, 1, 8, 6.5, -1)
material_override = ExtResource("1_qkxr8")
size = Vector3(2, 1, 4)

[node name="CSGBox3D118" type="CSGBox3D" parent="."]
transform = Transform3D(1, 0, 0, 0, 1, 0, 0, 0, 1, 8, 6.5, -3.5)
material_override = ExtResource("1_qkxr8")
size = Vector3(6, 1, 1)

[node name="CSGBox3D119" type="CSGBox3D" parent="."]
transform = Transform3D(1, 0, 0, 0, 1, 0, 0, 0, 1, 4.5, 6.5, 0)
material_override = ExtResource("1_qkxr8")
size = Vector3(1, 1, 8)

[node name="CSGBox3D120" type="CSGBox3D" parent="."]
transform = Transform3D(1, 0, 0, 0, 1, 0, 0, 0, 1, 11.5, 3, -3.5)
material_override = ExtResource("1_qkxr8")
size = Vector3(1, 6, 1)

[node name="CSGBox3D121" type="CSGBox3D" parent="."]
transform = Transform3D(1, 0, 0, 0, 1, 0, 0, 0, 1, 6, 5, -3.5)
material_override = ExtResource("1_qkxr8")
size = Vector3(2, 2, 1)

[node name="CSGBox3D122" type="CSGBox3D" parent="."]
transform = Transform3D(1, 0, 0, 0, 1, 0, 0, 0, 1, 7, 2, -3.5)
material_override = ExtResource("1_qkxr8")
size = Vector3(4, 4, 1)

[node name="CSGBox3D123" type="CSGBox3D" parent="."]
transform = Transform3D(1, 0, 0, 0, 1, 0, 0, 0, 1, 7, 2, 3.5)
material_override = ExtResource("1_qkxr8")
size = Vector3(4, 4, 1)

[node name="CSGBox3D124" type="CSGBox3D" parent="."]
transform = Transform3D(1, 0, 0, 0, 1, 0, 0, 0, 1, 10, 1, 3.5)
material_override = ExtResource("1_qkxr8")
size = Vector3(2, 2, 1)

[node name="CSGBox3D125" type="CSGBox3D" parent="."]
transform = Transform3D(1, 0, 0, 0, 1, 0, 0, 0, 1, 11.5, 2, 0)
material_override = ExtResource("1_qkxr8")
size = Vector3(1, 4, 2)

[node name="CSGBox3D126" type="CSGBox3D" parent="."]
transform = Transform3D(1, 0, 0, 0, 1, 0, 0, 0, 1, 11.5, 3, 2)
material_override = ExtResource("1_qkxr8")
size = Vector3(1, 6, 2)

[node name="CSGBox3D127" type="CSGBox3D" parent="."]
transform = Transform3D(1, 0, 0, 0, 1, 0, 0, 0, 1, 4.5, 4, -2)
material_override = ExtResource("1_qkxr8")
size = Vector3(1, 4, 2)

[node name="CSGBox3D128" type="CSGBox3D" parent="."]
transform = Transform3D(1, 0, 0, 0, 1, 0, 0, 0, 1, 4.5, 3, -3.5)
material_override = ExtResource("1_qkxr8")
size = Vector3(1, 6, 1)

[node name="CSGBox3D129" type="CSGBox3D" parent="."]
transform = Transform3D(1, 0, 0, 0, 1, 0, 0, 0, 1, 11.5, 3, 3.5)
material_override = ExtResource("1_qkxr8")
size = Vector3(1, 6, 1)

[node name="CSGBox3D130" type="CSGBox3D" parent="."]
transform = Transform3D(1, 0, 0, 0, 1, 0, 0, 0, 1, 4.5, 3, 2.5)
material_override = ExtResource("1_qkxr8")
size = Vector3(1, 6, 3)

[node name="CSGBox3D131" type="CSGBox3D" parent="."]
transform = Transform3D(1, 0, 0, 0, 1, 0, 0, 0, 1, 11.5, 6.5, -8)
material_override = ExtResource("1_qkxr8")
size = Vector3(1, 1, 8)

[node name="CSGBox3D132" type="CSGBox3D" parent="."]
transform = Transform3D(1, 0, 0, 0, 1, 0, 0, 0, 1, 8, 6.5, -4.5)
material_override = ExtResource("1_qkxr8")
size = Vector3(6, 1, 1)

[node name="CSGBox3D133" type="CSGBox3D" parent="."]
transform = Transform3D(1, 0, 0, 0, 1, 0, 0, 0, 1, 6, 6.5, -8)
material_override = ExtResource("1_qkxr8")
size = Vector3(2, 1, 6)

[node name="CSGBox3D134" type="CSGBox3D" parent="."]
transform = Transform3D(1, 0, 0, 0, 1, 0, 0, 0, 1, 8, 6.5, -10)
material_override = ExtResource("1_qkxr8")
size = Vector3(2, 1, 2)

[node name="CSGBox3D135" type="CSGBox3D" parent="."]
transform = Transform3D(1, 0, 0, 0, 1, 0, 0, 0, 1, 10, 6.5, -6)
material_override = ExtResource("1_qkxr8")
size = Vector3(2, 1, 2)

[node name="CSGBox3D136" type="CSGBox3D" parent="."]
transform = Transform3D(1, 0, 0, 0, 1, 0, 0, 0, 1, 8, 6.5, -11.5)
material_override = ExtResource("1_qkxr8")
size = Vector3(6, 1, 1)

[node name="CSGBox3D137" type="CSGBox3D" parent="."]
transform = Transform3D(1, 0, 0, 0, 1, 0, 0, 0, 1, 4.5, 6.5, -8)
material_override = ExtResource("1_qkxr8")
size = Vector3(1, 1, 8)

[node name="CSGBox3D138" type="CSGBox3D" parent="."]
transform = Transform3D(1, 0, 0, 0, 1, 0, 0, 0, 1, 11.5, 3, -11.5)
material_override = ExtResource("1_qkxr8")
size = Vector3(1, 6, 1)

[node name="CSGBox3D139" type="CSGBox3D" parent="."]
transform = Transform3D(1, 0, 0, 0, 1, 0, 0, 0, 1, 8, 5, -11.5)
material_override = ExtResource("1_qkxr8")
size = Vector3(2, 2, 1)

[node name="CSGBox3D140" type="CSGBox3D" parent="."]
transform = Transform3D(1, 0, 0, 0, 1, 0, 0, 0, 1, 10, 3, -11.5)
material_override = ExtResource("1_qkxr8")
size = Vector3(2, 6, 1)

[node name="CSGBox3D141" type="CSGBox3D" parent="."]
transform = Transform3D(1, 0, 0, 0, 1, 0, 0, 0, 1, 6, 1, -11.5)
material_override = ExtResource("1_qkxr8")
size = Vector3(2, 2, 1)

[node name="CSGBox3D142" type="CSGBox3D" parent="."]
transform = Transform3D(1, 0, 0, 0, 1, 0, 0, 0, 1, 6, 1, -4.5)
material_override = ExtResource("1_qkxr8")
size = Vector3(2, 2, 1)

[node name="CSGBox3D143" type="CSGBox3D" parent="."]
transform = Transform3D(1, 0, 0, 0, 1, 0, 0, 0, 1, 7, 5, -4.5)
material_override = ExtResource("1_qkxr8")
size = Vector3(4, 2, 1)

[node name="CSGBox3D144" type="CSGBox3D" parent="."]
transform = Transform3D(1, 0, 0, 0, 1, 0, 0, 0, 1, 10, 4, -4.5)
material_override = ExtResource("1_qkxr8")
size = Vector3(2, 4, 1)

[node name="CSGBox3D145" type="CSGBox3D" parent="."]
transform = Transform3D(1, 0, 0, 0, 1, 0, 0, 0, 1, 11.5, 1, -10)
material_override = ExtResource("1_qkxr8")
size = Vector3(1, 2, 2)

[node name="CSGBox3D146" type="CSGBox3D" parent="."]
transform = Transform3D(1, 0, 0, 0, 1, 0, 0, 0, 1, 11.5, 5, -8)
material_override = ExtResource("1_qkxr8")
size = Vector3(1, 2, 2)

[node name="CSGBox3D147" type="CSGBox3D" parent="."]
transform = Transform3D(1, 0, 0, 0, 1, 0, 0, 0, 1, 4.5, 4, -6)
material_override = ExtResource("1_qkxr8")
size = Vector3(1, 4, 2)

[node name="CSGBox3D148" type="CSGBox3D" parent="."]
transform = Transform3D(1, 0, 0, 0, 1, 0, 0, 0, 1, 4.5, 5, -9)
material_override = ExtResource("1_qkxr8")
size = Vector3(1, 2, 4)

[node name="CSGBox3D149" type="CSGBox3D" parent="."]
transform = Transform3D(1, 0, 0, 0, 1, 0, 0, 0, 1, 4.5, 1, -10)
material_override = ExtResource("1_qkxr8")
size = Vector3(1, 2, 2)

[node name="CSGBox3D150" type="CSGBox3D" parent="."]
transform = Transform3D(1, 0, 0, 0, 1, 0, 0, 0, 1, 4.5, 3, -11.5)
material_override = ExtResource("1_qkxr8")
size = Vector3(1, 6, 1)

[node name="CSGBox3D151" type="CSGBox3D" parent="."]
transform = Transform3D(1, 0, 0, 0, 1, 0, 0, 0, 1, 11.5, 3, -5.5)
material_override = ExtResource("1_qkxr8")
size = Vector3(1, 6, 3)

[node name="CSGBox3D152" type="CSGBox3D" parent="."]
transform = Transform3D(1, 0, 0, 0, 1, 0, 0, 0, 1, 4.5, 3, -4.5)
material_override = ExtResource("1_qkxr8")
size = Vector3(1, 6, 1)
