[gd_scene load_steps=2 format=3 uid="uid://bif7ebroue13q"]

[ext_resource type="Material" uid="uid://bk1jki3qc31vu" path="res://textures/resources/CSG.tres" id="1_q2qu4"]

[node name="minitile_2x2_1" type="Node3D"]

[node name="CSGBox3D" type="CSGBox3D" parent="."]
transform = Transform3D(1, 0, 0, 0, 1, 0, 0, 0, 1, 0, -25, 0)
material_override = ExtResource("1_q2qu4")
size = Vector3(16, 50, 16)

[node name="CSGBox3D50" type="CSGBox3D" parent="."]
transform = Transform3D(1, 0, 0, 0, 1, 0, 0, 0, 1, -0.5, 6.5, 4)
material_override = ExtResource("1_q2qu4")
size = Vector3(1, 1, 8)

[node name="CSGBox3D51" type="CSGBox3D" parent="."]
transform = Transform3D(1, 0, 0, 0, 1, 0, 0, 0, 1, -4, 6.5, 7.5)
material_override = ExtResource("1_q2qu4")
size = Vector3(6, 1, 1)

[node name="CSGBox3D55" type="CSGBox3D" parent="."]
transform = Transform3D(1, 0, 0, 0, 1, 0, 0, 0, 1, -5, 6.5, 2)
material_override = ExtResource("1_q2qu4")
size = Vector3(4, 1, 2)

[node name="CSGBox3D63" type="CSGBox3D" parent="."]
transform = Transform3D(1, 0, 0, 0, 1, 0, 0, 0, 1, -4, 6.5, 6)
material_override = ExtResource("1_q2qu4")
size = Vector3(6, 1, 2)

[node name="CSGBox3D52" type="CSGBox3D" parent="."]
transform = Transform3D(1, 0, 0, 0, 1, 0, 0, 0, 1, -4, 6.5, 0.5)
material_override = ExtResource("1_q2qu4")
size = Vector3(6, 1, 1)

[node name="CSGBox3D53" type="CSGBox3D" parent="."]
transform = Transform3D(1, 0, 0, 0, 1, 0, 0, 0, 1, -7.5, 6.5, 4)
material_override = ExtResource("1_q2qu4")
size = Vector3(1, 1, 8)

[node name="CSGBox3D42" type="CSGBox3D" parent="."]
transform = Transform3D(1, 0, 0, 0, 1, 0, 0, 0, 1, -0.5, 3, 1.5)
material_override = ExtResource("1_q2qu4")
size = Vector3(1, 6, 3)

[node name="CSGBox3D43" type="CSGBox3D" parent="."]
transform = Transform3D(1, 0, 0, 0, 1, 0, 0, 0, 1, -6, 1, 0.5)
material_override = ExtResource("1_q2qu4")
size = Vector3(2, 2, 1)

[node name="CSGBox3D59" type="CSGBox3D" parent="."]
transform = Transform3D(1, 0, 0, 0, 1, 0, 0, 0, 1, -5, 4, 0.5)
material_override = ExtResource("1_q2qu4")
size = Vector3(4, 4, 1)

[node name="CSGBox3D58" type="CSGBox3D" parent="."]
transform = Transform3D(1, 0, 0, 0, 1, 0, 0, 0, 1, -5, 4, 7.5)
material_override = ExtResource("1_q2qu4")
size = Vector3(4, 4, 1)

[node name="CSGBox3D54" type="CSGBox3D" parent="."]
transform = Transform3D(1, 0, 0, 0, 1, 0, 0, 0, 1, -2, 5, 7.5)
material_override = ExtResource("1_q2qu4")
size = Vector3(2, 2, 1)

[node name="CSGBox3D64" type="CSGBox3D" parent="."]
transform = Transform3D(1, 0, 0, 0, 1, 0, 0, 0, 1, -0.5, 2, 4)
material_override = ExtResource("1_q2qu4")
size = Vector3(1, 4, 2)

[node name="CSGBox3D57" type="CSGBox3D" parent="."]
transform = Transform3D(1, 0, 0, 0, 1, 0, 0, 0, 1, -7.5, 4, 6)
material_override = ExtResource("1_q2qu4")
size = Vector3(1, 4, 2)

[node name="CSGBox3D45" type="CSGBox3D" parent="."]
transform = Transform3D(1, 0, 0, 0, 1, 0, 0, 0, 1, -7.5, 3, 1.5)
material_override = ExtResource("1_q2qu4")
size = Vector3(1, 6, 3)

[node name="CSGBox3D46" type="CSGBox3D" parent="."]
transform = Transform3D(1, 0, 0, 0, 1, 0, 0, 0, 1, -0.5, 3, 7.5)
material_override = ExtResource("1_q2qu4")
size = Vector3(1, 6, 1)

[node name="CSGBox3D47" type="CSGBox3D" parent="."]
transform = Transform3D(1, 0, 0, 0, 1, 0, 0, 0, 1, -7.5, 3, 7.5)
material_override = ExtResource("1_q2qu4")
size = Vector3(1, 6, 1)

[node name="CSGBox3D56" type="CSGBox3D" parent="."]
transform = Transform3D(1, 0, 0, 0, 1, 0, 0, 0, 1, 7.5, 6.5, -4)
material_override = ExtResource("1_q2qu4")
size = Vector3(1, 1, 8)

[node name="CSGBox3D60" type="CSGBox3D" parent="."]
transform = Transform3D(1, 0, 0, 0, 1, 0, 0, 0, 1, 4, 6.5, -0.5)
material_override = ExtResource("1_q2qu4")
size = Vector3(6, 1, 1)

[node name="CSGBox3D61" type="CSGBox3D" parent="."]
transform = Transform3D(1, 0, 0, 0, 1, 0, 0, 0, 1, 2, 6.5, -4)
material_override = ExtResource("1_q2qu4")
size = Vector3(2, 1, 6)

[node name="CSGBox3D62" type="CSGBox3D" parent="."]
transform = Transform3D(1, 0, 0, 0, 1, 0, 0, 0, 1, 4, 6.5, -6)
material_override = ExtResource("1_q2qu4")
size = Vector3(2, 1, 2)

[node name="CSGBox3D65" type="CSGBox3D" parent="."]
transform = Transform3D(1, 0, 0, 0, 1, 0, 0, 0, 1, 6, 6.5, -2)
material_override = ExtResource("1_q2qu4")
size = Vector3(2, 1, 2)

[node name="CSGBox3D66" type="CSGBox3D" parent="."]
transform = Transform3D(1, 0, 0, 0, 1, 0, 0, 0, 1, 4, 6.5, -7.5)
material_override = ExtResource("1_q2qu4")
size = Vector3(6, 1, 1)

[node name="CSGBox3D67" type="CSGBox3D" parent="."]
transform = Transform3D(1, 0, 0, 0, 1, 0, 0, 0, 1, 0.5, 6.5, -4)
material_override = ExtResource("1_q2qu4")
size = Vector3(1, 1, 8)

[node name="CSGBox3D44" type="CSGBox3D" parent="."]
transform = Transform3D(1, 0, 0, 0, 1, 0, 0, 0, 1, 7.5, 3, -7.5)
material_override = ExtResource("1_q2qu4")
size = Vector3(1, 6, 1)

[node name="CSGBox3D48" type="CSGBox3D" parent="."]
transform = Transform3D(1, 0, 0, 0, 1, 0, 0, 0, 1, 4, 5, -7.5)
material_override = ExtResource("1_q2qu4")
size = Vector3(2, 2, 1)

[node name="CSGBox3D49" type="CSGBox3D" parent="."]
transform = Transform3D(1, 0, 0, 0, 1, 0, 0, 0, 1, 6, 3, -7.5)
material_override = ExtResource("1_q2qu4")
size = Vector3(2, 6, 1)

[node name="CSGBox3D68" type="CSGBox3D" parent="."]
transform = Transform3D(1, 0, 0, 0, 1, 0, 0, 0, 1, 2, 1, -7.5)
material_override = ExtResource("1_q2qu4")
size = Vector3(2, 2, 1)

[node name="CSGBox3D69" type="CSGBox3D" parent="."]
transform = Transform3D(1, 0, 0, 0, 1, 0, 0, 0, 1, 2, 1, -0.5)
material_override = ExtResource("1_q2qu4")
size = Vector3(2, 2, 1)

[node name="CSGBox3D70" type="CSGBox3D" parent="."]
transform = Transform3D(1, 0, 0, 0, 1, 0, 0, 0, 1, 3, 5, -0.5)
material_override = ExtResource("1_q2qu4")
size = Vector3(4, 2, 1)

[node name="CSGBox3D71" type="CSGBox3D" parent="."]
transform = Transform3D(1, 0, 0, 0, 1, 0, 0, 0, 1, 6, 4, -0.5)
material_override = ExtResource("1_q2qu4")
size = Vector3(2, 4, 1)

[node name="CSGBox3D72" type="CSGBox3D" parent="."]
transform = Transform3D(1, 0, 0, 0, 1, 0, 0, 0, 1, 7.5, 1, -6)
material_override = ExtResource("1_q2qu4")
size = Vector3(1, 2, 2)

[node name="CSGBox3D73" type="CSGBox3D" parent="."]
transform = Transform3D(1, 0, 0, 0, 1, 0, 0, 0, 1, 7.5, 5, -4)
material_override = ExtResource("1_q2qu4")
size = Vector3(1, 2, 2)

[node name="CSGBox3D74" type="CSGBox3D" parent="."]
transform = Transform3D(1, 0, 0, 0, 1, 0, 0, 0, 1, 0.5, 4, -2)
material_override = ExtResource("1_q2qu4")
size = Vector3(1, 4, 2)

[node name="CSGBox3D75" type="CSGBox3D" parent="."]
transform = Transform3D(1, 0, 0, 0, 1, 0, 0, 0, 1, 0.5, 5, -5)
material_override = ExtResource("1_q2qu4")
size = Vector3(1, 2, 4)

[node name="CSGBox3D76" type="CSGBox3D" parent="."]
transform = Transform3D(1, 0, 0, 0, 1, 0, 0, 0, 1, 0.5, 1, -6)
material_override = ExtResource("1_q2qu4")
size = Vector3(1, 2, 2)

[node name="CSGBox3D77" type="CSGBox3D" parent="."]
transform = Transform3D(1, 0, 0, 0, 1, 0, 0, 0, 1, 0.5, 3, -7.5)
material_override = ExtResource("1_q2qu4")
size = Vector3(1, 6, 1)

[node name="CSGBox3D78" type="CSGBox3D" parent="."]
transform = Transform3D(1, 0, 0, 0, 1, 0, 0, 0, 1, 7.5, 3, -1.5)
material_override = ExtResource("1_q2qu4")
size = Vector3(1, 6, 3)

[node name="CSGBox3D79" type="CSGBox3D" parent="."]
transform = Transform3D(1, 0, 0, 0, 1, 0, 0, 0, 1, 0.5, 3, -0.5)
material_override = ExtResource("1_q2qu4")
size = Vector3(1, 6, 1)

[node name="CSGBox3D80" type="CSGBox3D" parent="."]
transform = Transform3D(1, 0, 0, 0, 1, 0, 0, 0, 1, 7.5, 6.5, 4)
material_override = ExtResource("1_q2qu4")
size = Vector3(1, 1, 8)

[node name="CSGBox3D81" type="CSGBox3D" parent="."]
transform = Transform3D(1, 0, 0, 0, 1, 0, 0, 0, 1, 4, 6.5, 7.5)
material_override = ExtResource("1_q2qu4")
size = Vector3(6, 1, 1)

[node name="CSGBox3D82" type="CSGBox3D" parent="."]
transform = Transform3D(1, 0, 0, 0, 1, 0, 0, 0, 1, 2, 6.5, 4)
material_override = ExtResource("1_q2qu4")
size = Vector3(2, 1, 6)

[node name="CSGBox3D83" type="CSGBox3D" parent="."]
transform = Transform3D(1, 0, 0, 0, 1, 0, 0, 0, 1, 5, 6.5, 6)
material_override = ExtResource("1_q2qu4")
size = Vector3(4, 1, 2)

[node name="CSGBox3D84" type="CSGBox3D" parent="."]
transform = Transform3D(1, 0, 0, 0, 1, 0, 0, 0, 1, 4, 6.5, 0.5)
material_override = ExtResource("1_q2qu4")
size = Vector3(6, 1, 1)

[node name="CSGBox3D85" type="CSGBox3D" parent="."]
transform = Transform3D(1, 0, 0, 0, 1, 0, 0, 0, 1, 0.5, 6.5, 4)
material_override = ExtResource("1_q2qu4")
size = Vector3(1, 1, 8)

[node name="CSGBox3D86" type="CSGBox3D" parent="."]
transform = Transform3D(1, 0, 0, 0, 1, 0, 0, 0, 1, 7.5, 3, 0.5)
material_override = ExtResource("1_q2qu4")
size = Vector3(1, 6, 1)

[node name="CSGBox3D87" type="CSGBox3D" parent="."]
transform = Transform3D(1, 0, 0, 0, 1, 0, 0, 0, 1, 2, 2, 0.5)
material_override = ExtResource("1_q2qu4")
size = Vector3(2, 4, 1)

[node name="CSGBox3D88" type="CSGBox3D" parent="."]
transform = Transform3D(1, 0, 0, 0, 1, 0, 0, 0, 1, 4, 5, 0.5)
material_override = ExtResource("1_q2qu4")
size = Vector3(6, 2, 1)

[node name="CSGBox3D89" type="CSGBox3D" parent="."]
transform = Transform3D(1, 0, 0, 0, 1, 0, 0, 0, 1, 4, 5, 7.5)
material_override = ExtResource("1_q2qu4")
size = Vector3(6, 2, 1)

[node name="CSGBox3D90" type="CSGBox3D" parent="."]
transform = Transform3D(1, 0, 0, 0, 1, 0, 0, 0, 1, 6, 2, 7.5)
material_override = ExtResource("1_q2qu4")
size = Vector3(2, 4, 1)

[node name="CSGBox3D91" type="CSGBox3D" parent="."]
transform = Transform3D(1, 0, 0, 0, 1, 0, 0, 0, 1, 7.5, 1, 4)
material_override = ExtResource("1_q2qu4")
size = Vector3(1, 2, 6)

[node name="CSGBox3D92" type="CSGBox3D" parent="."]
transform = Transform3D(1, 0, 0, 0, 1, 0, 0, 0, 1, 7.5, 4, 6)
material_override = ExtResource("1_q2qu4")
size = Vector3(1, 4, 2)

[node name="CSGBox3D93" type="CSGBox3D" parent="."]
transform = Transform3D(1, 0, 0, 0, 1, 0, 0, 0, 1, 0.5, 5, 3)
material_override = ExtResource("1_q2qu4")
size = Vector3(1, 2, 4)

[node name="CSGBox3D94" type="CSGBox3D" parent="."]
transform = Transform3D(1, 0, 0, 0, 1, 0, 0, 0, 1, 0.5, 3, 0.5)
material_override = ExtResource("1_q2qu4")
size = Vector3(1, 6, 1)

[node name="CSGBox3D95" type="CSGBox3D" parent="."]
transform = Transform3D(1, 0, 0, 0, 1, 0, 0, 0, 1, 7.5, 3, 7.5)
material_override = ExtResource("1_q2qu4")
size = Vector3(1, 6, 1)

[node name="CSGBox3D96" type="CSGBox3D" parent="."]
transform = Transform3D(1, 0, 0, 0, 1, 0, 0, 0, 1, 0.5, 3, 6.5)
material_override = ExtResource("1_q2qu4")
size = Vector3(1, 6, 3)
