[gd_scene load_steps=2 format=3 uid="uid://cay2yg0wgfyk4"]

[ext_resource type="Material" uid="uid://bk1jki3qc31vu" path="res://textures/resources/CSG.tres" id="1_kkf3t"]

[node name="minitile_3x4_1" type="Node3D"]

[node name="CSGBox3D" type="CSGBox3D" parent="."]
transform = Transform3D(1, 0, 0, 0, 1, 0, 0, 0, 1, 0, -25, 0)
size = Vector3(24, 50, 32)
material = ExtResource("1_kkf3t")

[node name="CSGBox3D93" type="CSGBox3D" parent="."]
transform = Transform3D(1, 0, 0, 0, 1, 0, 0, 0, 1, 6.5, 2.5, 12.5)
size = Vector3(1, 5, 1)
material = ExtResource("1_kkf3t")

[node name="CSGBox3D110" type="CSGBox3D" parent="."]
transform = Transform3D(1, 0, 0, 0, 1, 0, 0, 0, 1, 8.5, 4.5, -0.5)
size = Vector3(1, 3, 1)
material = ExtResource("1_kkf3t")

[node name="CSGBox3D96" type="CSGBox3D" parent="."]
transform = Transform3D(1, 0, 0, 0, 1, 0, 0, 0, 1, 2.5, 7.5, 8.5)
size = Vector3(1, 3, 1)
material = ExtResource("1_kkf3t")

[node name="CSGBox3D113" type="CSGBox3D" parent="."]
transform = Transform3D(1, 0, 0, 0, 1, 0, 0, 0, 1, 2.5, 8.5, -5.5)
size = Vector3(1, 3, 1)
material = ExtResource("1_kkf3t")

[node name="CSGBox3D125" type="CSGBox3D" parent="."]
transform = Transform3D(1, 0, 0, 0, 1, 0, 0, 0, 1, 4.5, 7.5, -13.5)
size = Vector3(1, 3, 1)
material = ExtResource("1_kkf3t")

[node name="CSGBox3D127" type="CSGBox3D" parent="."]
transform = Transform3D(1, 0, 0, 0, 1, 0, 0, 0, 1, 8.5, 5.5, -13.5)
size = Vector3(1, 3, 1)
material = ExtResource("1_kkf3t")

[node name="CSGBox3D128" type="CSGBox3D" parent="."]
transform = Transform3D(1, 0, 0, 0, 1, 0, 0, 0, 1, 8.5, 2.5, -11.5)
size = Vector3(1, 5, 1)
material = ExtResource("1_kkf3t")

[node name="CSGBox3D129" type="CSGBox3D" parent="."]
transform = Transform3D(1, 0, 0, 0, 1, 0, 0, 0, 1, 8.5, 4.5, -12.5)
material = ExtResource("1_kkf3t")

[node name="CSGBox3D115" type="CSGBox3D" parent="."]
transform = Transform3D(1, 0, 0, 0, 1, 0, 0, 0, 1, -0.5, 8, -5.5)
size = Vector3(1, 2, 1)
material = ExtResource("1_kkf3t")

[node name="CSGBox3D118" type="CSGBox3D" parent="."]
transform = Transform3D(1, 0, 0, 0, 1, 0, 0, 0, 1, -6.5, 6, -3.5)
size = Vector3(1, 2, 1)
material = ExtResource("1_kkf3t")

[node name="CSGBox3D120" type="CSGBox3D" parent="."]
transform = Transform3D(1, 0, 0, 0, 1, 0, 0, 0, 1, -6.5, 8, -8.5)
size = Vector3(1, 4, 1)
material = ExtResource("1_kkf3t")

[node name="CSGBox3D116" type="CSGBox3D" parent="."]
transform = Transform3D(1, 0, 0, 0, 1, 0, 0, 0, 1, -0.5, 7.5, -4)
size = Vector3(1, 1, 2)
material = ExtResource("1_kkf3t")

[node name="CSGBox3D121" type="CSGBox3D" parent="."]
transform = Transform3D(1, 0, 0, 0, 1, 0, 0, 0, 1, -6.5, 9.5, -10)
size = Vector3(1, 1, 2)
material = ExtResource("1_kkf3t")

[node name="CSGBox3D123" type="CSGBox3D" parent="."]
transform = Transform3D(1, 0, 0, 0, 1, 0, 0, 0, 1, -3.5, 9.5, -13)
size = Vector3(1, 1, 2)
material = ExtResource("1_kkf3t")

[node name="CSGBox3D114" type="CSGBox3D" parent="."]
transform = Transform3D(1, 0, 0, 0, 1, 0, 0, 0, 1, 0.5, 9.5, -5.5)
size = Vector3(3, 1, 1)
material = ExtResource("1_kkf3t")

[node name="CSGBox3D126" type="CSGBox3D" parent="."]
transform = Transform3D(1, 0, 0, 0, 1, 0, 0, 0, 1, 6.5, 6.5, -13.5)
size = Vector3(3, 1, 1)
material = ExtResource("1_kkf3t")

[node name="CSGBox3D101" type="CSGBox3D" parent="."]
transform = Transform3D(1, 0, 0, 0, 1, 0, 0, 0, 1, -4.5, 10.5, 9.5)
size = Vector3(1, 3, 1)
material = ExtResource("1_kkf3t")

[node name="CSGBox3D103" type="CSGBox3D" parent="."]
transform = Transform3D(1, 0, 0, 0, 1, 0, 0, 0, 1, -8.5, 7.5, 9.5)
size = Vector3(1, 7, 1)
material = ExtResource("1_kkf3t")

[node name="CSGBox3D94" type="CSGBox3D" parent="."]
transform = Transform3D(1, 0, 0, 0, 1, 0, 0, 0, 1, 4.5, 5.5, 12.5)
size = Vector3(5, 1, 1)
material = ExtResource("1_kkf3t")

[node name="CSGBox3D112" type="CSGBox3D" parent="."]
transform = Transform3D(1, 0, 0, 0, 1, 0, 0, 0, 1, 5, 6.5, -5.5)
size = Vector3(6, 1, 1)
material = ExtResource("1_kkf3t")

[node name="CSGBox3D117" type="CSGBox3D" parent="."]
transform = Transform3D(1, 0, 0, 0, 1, 0, 0, 0, 1, -4, 7.5, -3.5)
size = Vector3(6, 1, 1)
material = ExtResource("1_kkf3t")

[node name="CSGBox3D124" type="CSGBox3D" parent="."]
transform = Transform3D(1, 0, 0, 0, 1, 0, 0, 0, 1, 1, 9.5, -13.5)
size = Vector3(8, 1, 1)
material = ExtResource("1_kkf3t")

[node name="CSGBox3D122" type="CSGBox3D" parent="."]
transform = Transform3D(1, 0, 0, 0, 1, 0, 0, 0, 1, -5, 9.5, -11.5)
size = Vector3(4, 1, 1)
material = ExtResource("1_kkf3t")

[node name="CSGBox3D97" type="CSGBox3D" parent="."]
transform = Transform3D(1, 0, 0, 0, 1, 0, 0, 0, 1, 0, 8.5, 8.5)
size = Vector3(4, 1, 1)
material = ExtResource("1_kkf3t")

[node name="CSGBox3D102" type="CSGBox3D" parent="."]
transform = Transform3D(1, 0, 0, 0, 1, 0, 0, 0, 1, -7, 11.5, 9.5)
size = Vector3(4, 1, 1)
material = ExtResource("1_kkf3t")

[node name="CSGBox3D105" type="CSGBox3D" parent="."]
transform = Transform3D(1, 0, 0, 0, 1, 0, 0, 0, 1, -7, 3.5, 2.5)
size = Vector3(4, 1, 1)
material = ExtResource("1_kkf3t")

[node name="CSGBox3D106" type="CSGBox3D" parent="."]
transform = Transform3D(1, 0, 0, 0, 1, 0, 0, 0, 1, -2, 2.5, 2.5)
size = Vector3(8, 1, 1)
material = ExtResource("1_kkf3t")

[node name="CSGBox3D108" type="CSGBox3D" parent="."]
transform = Transform3D(1, 0, 0, 0, 1, 0, 0, 0, 1, 5, 2.5, 5.5)
size = Vector3(8, 1, 1)
material = ExtResource("1_kkf3t")

[node name="CSGBox3D99" type="CSGBox3D" parent="."]
transform = Transform3D(1, 0, 0, 0, 1, 0, 0, 0, 1, -3, 8.5, 11.5)
size = Vector3(4, 1, 1)
material = ExtResource("1_kkf3t")

[node name="CSGBox3D95" type="CSGBox3D" parent="."]
transform = Transform3D(1, 0, 0, 0, 1, 0, 0, 0, 1, 2.5, 5.5, 10)
size = Vector3(1, 1, 4)
material = ExtResource("1_kkf3t")

[node name="CSGBox3D111" type="CSGBox3D" parent="."]
transform = Transform3D(1, 0, 0, 0, 1, 0, 0, 0, 1, 8.5, 6.5, -3)
size = Vector3(1, 1, 6)
material = ExtResource("1_kkf3t")

[node name="CSGBox3D98" type="CSGBox3D" parent="."]
transform = Transform3D(1, 0, 0, 0, 1, 0, 0, 0, 1, -1.5, 8.5, 10)
size = Vector3(1, 1, 2)
material = ExtResource("1_kkf3t")

[node name="CSGBox3D107" type="CSGBox3D" parent="."]
transform = Transform3D(1, 0, 0, 0, 1, 0, 0, 0, 1, 1.5, 2.5, 4)
size = Vector3(1, 1, 2)
material = ExtResource("1_kkf3t")

[node name="CSGBox3D109" type="CSGBox3D" parent="."]
transform = Transform3D(1, 0, 0, 0, 1, 0, 0, 0, 1, 8.5, 2.5, 2)
size = Vector3(1, 1, 6)
material = ExtResource("1_kkf3t")

[node name="CSGBox3D100" type="CSGBox3D" parent="."]
transform = Transform3D(1, 0, 0, 0, 1, 0, 0, 0, 1, -4.5, 8.5, 10)
size = Vector3(1, 1, 2)
material = ExtResource("1_kkf3t")

[node name="CSGBox3D104" type="CSGBox3D" parent="."]
transform = Transform3D(1, 0, 0, 0, 1, 0, 0, 0, 1, -8.5, 4.5, 5.5)
size = Vector3(1, 1, 7)
material = ExtResource("1_kkf3t")

[node name="CSGBox3D119" type="CSGBox3D" parent="."]
transform = Transform3D(1, 0, 0, 0, 1, 0, 0, 0, 1, -6.5, 5.5, -6.5)
size = Vector3(1, 1, 5)
material = ExtResource("1_kkf3t")
