[gd_scene load_steps=2 format=3 uid="uid://mobqn3xuhsq6"]

[ext_resource type="Material" uid="uid://bk1jki3qc31vu" path="res://textures/resources/CSG.tres" id="1_mvox6"]

[node name="minitile_2x5_1" type="Node3D"]

[node name="CSGBox3D" type="CSGBox3D" parent="."]
transform = Transform3D(1, 0, 0, 0, 1, 0, 0, 0, 1, 0, -25, 0)
material_override = ExtResource("1_mvox6")
size = Vector3(16, 50, 40)

[node name="CSGBox3D76" type="CSGBox3D" parent="."]
transform = Transform3D(1, 0, 0, 0, 1, 0, 0, 0, 1, -6.5, 6, -13.5)
size = Vector3(1, 12, 1)
material = ExtResource("1_mvox6")

[node name="CSGBox3D78" type="CSGBox3D" parent="."]
transform = Transform3D(1, 0, 0, 0, 1, 0, 0, 0, 1, -6.5, 8, -8.5)
size = Vector3(1, 6, 1)
material = ExtResource("1_mvox6")

[node name="CSGBox3D82" type="CSGBox3D" parent="."]
transform = Transform3D(1, 0, 0, 0, 1, 0, 0, 0, 1, -0.5, 5, -12.5)
size = Vector3(1, 2, 1)
material = ExtResource("1_mvox6")

[node name="CSGBox3D79" type="CSGBox3D" parent="."]
transform = Transform3D(1, 0, 0, 0, 1, 0, 0, 0, 1, -4.5, 5.5, -8.5)
size = Vector3(3, 1, 1)
material = ExtResource("1_mvox6")

[node name="CSGBox3D84" type="CSGBox3D" parent="."]
transform = Transform3D(1, 0, 0, 0, 1, 0, 0, 0, 1, -2.5, 4.5, 17.5)
size = Vector3(3, 1, 1)
material = ExtResource("1_mvox6")

[node name="CSGBox3D86" type="CSGBox3D" parent="."]
transform = Transform3D(1, 0, 0, 0, 1, 0, 0, 0, 1, -3, 4.5, 13.5)
size = Vector3(2, 1, 1)
material = ExtResource("1_mvox6")

[node name="CSGBox3D91" type="CSGBox3D" parent="."]
transform = Transform3D(1, 0, 0, 0, 1, 0, 0, 0, 1, 3.5, 5, 10.5)
size = Vector3(1, 2, 1)
material = ExtResource("1_mvox6")

[node name="CSGBox3D93" type="CSGBox3D" parent="."]
transform = Transform3D(1, 0, 0, 0, 1, 0, 0, 0, 1, 6.5, 2.5, 10.5)
size = Vector3(1, 5, 1)
material = ExtResource("1_mvox6")

[node name="CSGBox3D92" type="CSGBox3D" parent="."]
transform = Transform3D(1, 0, 0, 0, 1, 0, 0, 0, 1, 5, 4.5, 10.5)
size = Vector3(2, 1, 1)
material = ExtResource("1_mvox6")

[node name="CSGBox3D87" type="CSGBox3D" parent="."]
transform = Transform3D(1, 0, 0, 0, 1, 0, 0, 0, 1, -2.5, 3, 13.5)
size = Vector3(1, 2, 1)
material = ExtResource("1_mvox6")

[node name="CSGBox3D89" type="CSGBox3D" parent="."]
transform = Transform3D(1, 0, 0, 0, 1, 0, 0, 0, 1, 3.5, 5, 13.5)
size = Vector3(1, 4, 1)
material = ExtResource("1_mvox6")

[node name="CSGBox3D90" type="CSGBox3D" parent="."]
transform = Transform3D(1, 0, 0, 0, 1, 0, 0, 0, 1, 3.5, 6.5, 11.5)
size = Vector3(1, 1, 3)
material = ExtResource("1_mvox6")

[node name="CSGBox3D88" type="CSGBox3D" parent="."]
transform = Transform3D(1, 0, 0, 0, 1, 0, 0, 0, 1, 1, 2.5, 13.5)
size = Vector3(6, 1, 1)
material = ExtResource("1_mvox6")

[node name="CSGBox3D85" type="CSGBox3D" parent="."]
transform = Transform3D(1, 0, 0, 0, 1, 0, 0, 0, 1, -3.5, 4.5, 15.5)
size = Vector3(1, 1, 3)
material = ExtResource("1_mvox6")

[node name="CSGBox3D81" type="CSGBox3D" parent="."]
transform = Transform3D(1, 0, 0, 0, 1, 0, 0, 0, 1, -1.5, 6.5, -12.5)
size = Vector3(3, 1, 1)
material = ExtResource("1_mvox6")

[node name="CSGBox3D77" type="CSGBox3D" parent="."]
transform = Transform3D(1, 0, 0, 0, 1, 0, 0, 0, 1, -6.5, 11.5, -10.5)
size = Vector3(1, 1, 5)
material = ExtResource("1_mvox6")

[node name="CSGBox3D83" type="CSGBox3D" parent="."]
transform = Transform3D(1, 0, 0, 0, 1, 0, 0, 0, 1, -0.5, 4.5, 3)
size = Vector3(1, 1, 30)
material = ExtResource("1_mvox6")

[node name="CSGBox3D80" type="CSGBox3D" parent="."]
transform = Transform3D(1, 0, 0, 0, 1, 0, 0, 0, 1, -3.5, 6.5, -10.5)
size = Vector3(1, 1, 5)
material = ExtResource("1_mvox6")
