[gd_scene load_steps=2 format=3 uid="uid://by7l36jv5lsc6"]

[ext_resource type="Material" uid="uid://bk1jki3qc31vu" path="res://textures/resources/CSG.tres" id="1_bih2w"]

[node name="minitile_1x3_1" type="Node3D"]

[node name="CSGBox3D" type="CSGBox3D" parent="."]
transform = Transform3D(1, 0, 0, 0, 1, 0, 0, 0, 1, 0, -25, 0)
size = Vector3(8, 50, 24)
material = ExtResource("1_bih2w")

[node name="CSGBox3D10" type="CSGBox3D" parent="."]
transform = Transform3D(1, 0, 0, 0, 1, 0, 0, 0, 1, 0, 7.5, -2.5)
size = Vector3(6, 1, 1)
material = ExtResource("1_bih2w")

[node name="CSGBox3D13" type="CSGBox3D" parent="."]
transform = Transform3D(1, 0, 0, 0, 1, 0, 0, 0, 1, 0.5, 2.5, 4.5)
size = Vector3(5, 1, 1)
material = ExtResource("1_bih2w")

[node name="CSGBox3D16" type="CSGBox3D" parent="."]
transform = Transform3D(1, 0, 0, 0, 1, 0, 0, 0, 1, 1, 5.5, 4.5)
size = Vector3(2, 1, 1)
material = ExtResource("1_bih2w")

[node name="CSGBox3D11" type="CSGBox3D" parent="."]
transform = Transform3D(1, 0, 0, 0, 1, 0, 0, 0, 1, -2.5, 4.5, -2.5)
size = Vector3(1, 5, 1)
material = ExtResource("1_bih2w")

[node name="CSGBox3D19" type="CSGBox3D" parent="."]
transform = Transform3D(1, 0, 0, 0, 1, 0, 0, 0, 1, 0.5, 9.5, -6.5)
size = Vector3(5, 1, 1)
material = ExtResource("1_bih2w")

[node name="CSGBox3D23" type="CSGBox3D" parent="."]
transform = Transform3D(1, 0, 0, 0, 1, 0, 0, 0, 1, 0, 6.5, -6.5)
size = Vector3(2, 1, 1)
material = ExtResource("1_bih2w")

[node name="CSGBox3D26" type="CSGBox3D" parent="."]
transform = Transform3D(1, 0, 0, 0, 1, 0, 0, 0, 1, 1.5, 2.5, -10.5)
size = Vector3(3, 1, 1)
material = ExtResource("1_bih2w")

[node name="CSGBox3D20" type="CSGBox3D" parent="."]
transform = Transform3D(1, 0, 0, 0, 1, 0, 0, 0, 1, -1.5, 7.5, -6.5)
size = Vector3(1, 3, 1)
material = ExtResource("1_bih2w")

[node name="CSGBox3D25" type="CSGBox3D" parent="."]
transform = Transform3D(1, 0, 0, 0, 1, 0, 0, 0, 1, 0.5, 4.5, -10.5)
size = Vector3(1, 3, 1)
material = ExtResource("1_bih2w")

[node name="CSGBox3D27" type="CSGBox3D" parent="."]
transform = Transform3D(1, 0, 0, 0, 1, 0, 0, 0, 1, 2.5, 0.5, -10.5)
size = Vector3(1, 3, 1)
material = ExtResource("1_bih2w")

[node name="CSGBox3D22" type="CSGBox3D" parent="."]
transform = Transform3D(1, 0, 0, 0, 1, 0, 0, 0, 1, 2.5, 7.5, -6.5)
size = Vector3(1, 3, 1)
material = ExtResource("1_bih2w")

[node name="CSGBox3D14" type="CSGBox3D" parent="."]
transform = Transform3D(1, 0, 0, 0, 1, 0, 0, 0, 1, 2.5, 4.5, 4.5)
size = Vector3(1, 3, 1)
material = ExtResource("1_bih2w")

[node name="CSGBox3D18" type="CSGBox3D" parent="."]
transform = Transform3D(1, 0, 0, 0, 1, 0, 0, 0, 1, 2.5, 6, -2.5)
size = Vector3(1, 2, 1)
material = ExtResource("1_bih2w")

[node name="CSGBox3D17" type="CSGBox3D" parent="."]
transform = Transform3D(1, 0, 0, 0, 1, 0, 0, 0, 1, -0.5, 2.5, 7.5)
size = Vector3(1, 5, 1)
material = ExtResource("1_bih2w")

[node name="CSGBox3D12" type="CSGBox3D" parent="."]
transform = Transform3D(1, 0, 0, 0, 1, 0, 0, 0, 1, -2.5, 2.5, 1.5)
size = Vector3(1, 1, 7)
material = ExtResource("1_bih2w")

[node name="CSGBox3D15" type="CSGBox3D" parent="."]
transform = Transform3D(1, 0, 0, 0, 1, 0, 0, 0, 1, -0.5, 5.5, 6)
size = Vector3(1, 1, 4)
material = ExtResource("1_bih2w")

[node name="CSGBox3D21" type="CSGBox3D" parent="."]
transform = Transform3D(1, 0, 0, 0, 1, 0, 0, 0, 1, 2.5, 5.5, -5)
size = Vector3(1, 1, 4)
material = ExtResource("1_bih2w")

[node name="CSGBox3D24" type="CSGBox3D" parent="."]
transform = Transform3D(1, 0, 0, 0, 1, 0, 0, 0, 1, 0.5, 6.5, -9)
size = Vector3(1, 1, 4)
material = ExtResource("1_bih2w")
