[gd_scene load_steps=2 format=3 uid="uid://bhcfnkc2dk24h"]

[ext_resource type="Material" uid="uid://bk1jki3qc31vu" path="res://textures/resources/CSG.tres" id="1_cqrtd"]

[node name="minitile_2x4_1" type="Node3D"]

[node name="CSGBox3D" type="CSGBox3D" parent="."]
transform = Transform3D(1, 0, 0, 0, 1, 0, 0, 0, 1, 0, -25, 0)
material_override = ExtResource("1_cqrtd")
size = Vector3(16, 50, 32)

[node name="CSGBox3D60" type="CSGBox3D" parent="."]
transform = Transform3D(1, 0, 0, 0, 1, 0, 0, 0, 1, 0.5, 0, 3.5)
size = Vector3(1, 4, 1)
material = ExtResource("1_cqrtd")

[node name="CSGBox3D62" type="CSGBox3D" parent="."]
transform = Transform3D(1, 0, 0, 0, 1, 0, 0, 0, 1, 0.5, 1, 0.5)
size = Vector3(1, 2, 1)
material = ExtResource("1_cqrtd")

[node name="CSGBox3D74" type="CSGBox3D" parent="."]
transform = Transform3D(1, 0, 0, 0, 1, 0, 0, 0, 1, -3.5, 3, -10.5)
size = Vector3(1, 2, 1)
material = ExtResource("1_cqrtd")

[node name="CSGBox3D71" type="CSGBox3D" parent="."]
transform = Transform3D(1, 0, 0, 0, 1, 0, 0, 0, 1, -3.5, 3, 3.5)
size = Vector3(1, 2, 1)
material = ExtResource("1_cqrtd")

[node name="CSGBox3D65" type="CSGBox3D" parent="."]
transform = Transform3D(1, 0, 0, 0, 1, 0, 0, 0, 1, 5.5, 1, 4.5)
size = Vector3(1, 2, 1)
material = ExtResource("1_cqrtd")

[node name="CSGBox3D63" type="CSGBox3D" parent="."]
transform = Transform3D(1, 0, 0, 0, 1, 0, 0, 0, 1, 3, 0.5, 0.5)
size = Vector3(4, 1, 1)
material = ExtResource("1_cqrtd")

[node name="CSGBox3D73" type="CSGBox3D" parent="."]
transform = Transform3D(1, 0, 0, 0, 1, 0, 0, 0, 1, -2, 1.5, -10.5)
size = Vector3(4, 1, 1)
material = ExtResource("1_cqrtd")

[node name="CSGBox3D67" type="CSGBox3D" parent="."]
transform = Transform3D(1, 0, 0, 0, 1, 0, 0, 0, 1, 2.5, 2.5, 7.5)
size = Vector3(5, 1, 1)
material = ExtResource("1_cqrtd")

[node name="CSGBox3D69" type="CSGBox3D" parent="."]
transform = Transform3D(1, 0, 0, 0, 1, 0, 0, 0, 1, -1.5, 2.5, 12.5)
size = Vector3(5, 1, 1)
material = ExtResource("1_cqrtd")

[node name="CSGBox3D61" type="CSGBox3D" parent="."]
transform = Transform3D(1, 0, 0, 0, 1, 0, 0, 0, 1, 0.5, 2.5, 2)
size = Vector3(1, 1, 4)
material = ExtResource("1_cqrtd")

[node name="CSGBox3D68" type="CSGBox3D" parent="."]
transform = Transform3D(1, 0, 0, 0, 1, 0, 0, 0, 1, 0.5, 2.5, 10)
size = Vector3(1, 1, 4)
material = ExtResource("1_cqrtd")

[node name="CSGBox3D70" type="CSGBox3D" parent="."]
transform = Transform3D(1, 0, 0, 0, 1, 0, 0, 0, 1, -3.5, 1.5, 8)
size = Vector3(1, 1, 10)
material = ExtResource("1_cqrtd")

[node name="CSGBox3D72" type="CSGBox3D" parent="."]
transform = Transform3D(1, 0, 0, 0, 1, 0, 0, 0, 1, -3.5, 4.5, -3.5)
size = Vector3(1, 1, 15)
material = ExtResource("1_cqrtd")

[node name="CSGBox3D64" type="CSGBox3D" parent="."]
transform = Transform3D(1, 0, 0, 0, 1, 0, 0, 0, 1, 5.5, 0.5, 2)
size = Vector3(1, 1, 4)
material = ExtResource("1_cqrtd")

[node name="CSGBox3D75" type="CSGBox3D" parent="."]
transform = Transform3D(1, 0, 0, 0, 1, 0, 0, 0, 1, -0.5, 0.5, -12)
size = Vector3(1, 1, 4)
material = ExtResource("1_cqrtd")

[node name="CSGBox3D66" type="CSGBox3D" parent="."]
transform = Transform3D(1, 0, 0, 0, 1, 0, 0, 0, 1, 5.5, 2.5, 6)
size = Vector3(1, 1, 4)
material = ExtResource("1_cqrtd")
