[gd_scene load_steps=2 format=3 uid="uid://ci7bkejw0kdj"]

[ext_resource type="Material" uid="uid://bk1jki3qc31vu" path="res://textures/resources/CSG.tres" id="1_3omav"]

[node name="minitile_2x4_1" type="Node3D"]

[node name="CSGBox3D" type="CSGBox3D" parent="."]
transform = Transform3D(1, 0, 0, 0, 1, 0, 0, 0, 1, 0, -25, 0)
material_override = ExtResource("1_3omav")
size = Vector3(16, 50, 32)

[node name="CSGBox3D12" type="CSGBox3D" parent="."]
transform = Transform3D(1, 0, 0, 0, 1, 0, 0, 0, 1, 1.5, 3, 11)
size = Vector3(1, 6, 2)
material = ExtResource("1_3omav")

[node name="CSGBox3D16" type="CSGBox3D" parent="."]
transform = Transform3D(1, 0, 0, 0, 1, 0, 0, 0, 1, 4.5, 3, 11)
size = Vector3(1, 6, 2)
material = ExtResource("1_3omav")

[node name="CSGBox3D13" type="CSGBox3D" parent="."]
transform = Transform3D(1, 0, 0, 0, 1, 0, 0, 0, 1, 3, 7.5, 11)
size = Vector3(4, 3, 4)
material = ExtResource("1_3omav")

[node name="CSGBox3D14" type="CSGBox3D" parent="."]
transform = Transform3D(1, 0, 0, 0, 1, 0, 0, 0, 1, 3, 13.5, 11)
size = Vector3(6, 9, 6)
material = ExtResource("1_3omav")

[node name="CSGBox3D15" type="CSGBox3D" parent="."]
transform = Transform3D(1, 0, 0, 0, 1, 0, 0, 0, 1, 3, 20, 11)
size = Vector3(8, 4, 8)
material = ExtResource("1_3omav")

[node name="CSGBox3D18" type="CSGBox3D" parent="."]
transform = Transform3D(1, 0, 0, 0, 1, 0, 0, 0, 1, -4, 3, 1.5)
size = Vector3(2, 6, 1)
material = ExtResource("1_3omav")

[node name="CSGBox3D22" type="CSGBox3D" parent="."]
transform = Transform3D(1, 0, 0, 0, 1, 0, 0, 0, 1, -4, 3, -1.5)
size = Vector3(2, 6, 1)
material = ExtResource("1_3omav")

[node name="CSGBox3D19" type="CSGBox3D" parent="."]
transform = Transform3D(1, 0, 0, 0, 1, 0, 0, 0, 1, -4, 7, 0)
size = Vector3(4, 2, 4)
material = ExtResource("1_3omav")

[node name="CSGBox3D20" type="CSGBox3D" parent="."]
transform = Transform3D(1, 0, 0, 0, 1, 0, 0, 0, 1, -4, 10, 0)
size = Vector3(6, 4, 6)
material = ExtResource("1_3omav")

[node name="CSGBox3D21" type="CSGBox3D" parent="."]
transform = Transform3D(1, 0, 0, 0, 1, 0, 0, 0, 1, -4, 17, 0)
size = Vector3(8, 10, 8)
material = ExtResource("1_3omav")

[node name="CSGBox3D17" type="CSGBox3D" parent="."]
transform = Transform3D(1, 0, 0, 0, 1, 0, 0, 0, 1, 1.5, 1.5, -11)
size = Vector3(1, 3, 2)
material = ExtResource("1_3omav")

[node name="CSGBox3D23" type="CSGBox3D" parent="."]
transform = Transform3D(1, 0, 0, 0, 1, 0, 0, 0, 1, 4.5, 1.5, -11)
size = Vector3(1, 3, 2)
material = ExtResource("1_3omav")

[node name="CSGBox3D24" type="CSGBox3D" parent="."]
transform = Transform3D(1, 0, 0, 0, 1, 0, 0, 0, 1, 3, 5, -11)
size = Vector3(4, 4, 4)
material = ExtResource("1_3omav")

[node name="CSGBox3D25" type="CSGBox3D" parent="."]
transform = Transform3D(1, 0, 0, 0, 1, 0, 0, 0, 1, 3, 9, -11)
size = Vector3(6, 4, 6)
material = ExtResource("1_3omav")

[node name="CSGBox3D26" type="CSGBox3D" parent="."]
transform = Transform3D(1, 0, 0, 0, 1, 0, 0, 0, 1, 3, 15.5, -11)
size = Vector3(8, 9, 8)
material = ExtResource("1_3omav")
