[gd_scene load_steps=2 format=3 uid="uid://ym7ssplynf3x"]

[ext_resource type="Material" uid="uid://bk1jki3qc31vu" path="res://textures/resources/CSG.tres" id="1_cngfu"]

[node name="minitile_2x5_1" type="Node3D"]

[node name="CSGBox3D" type="CSGBox3D" parent="."]
transform = Transform3D(1, 0, 0, 0, 1, 0, 0, 0, 1, 0, -25, 0)
material_override = ExtResource("1_cngfu")
size = Vector3(16, 50, 40)

[node name="CSGBox3D17" type="CSGBox3D" parent="."]
transform = Transform3D(1, 0, 0, 0, 1, 0, 0, 0, 1, -4, 1, -9.5)
size = Vector3(2, 2, 1)
material = ExtResource("1_cngfu")

[node name="CSGBox3D18" type="CSGBox3D" parent="."]
transform = Transform3D(1, 0, 0, 0, 1, 0, 0, 0, 1, -4, 1, -4.5)
size = Vector3(2, 2, 1)
material = ExtResource("1_cngfu")

[node name="CSGBox3D19" type="CSGBox3D" parent="."]
transform = Transform3D(1, 0, 0, 0, 1, 0, 0, 0, 1, -4, 2.5, -7)
size = Vector3(2, 1, 6)
material = ExtResource("1_cngfu")

[node name="CSGBox3D26" type="CSGBox3D" parent="."]
transform = Transform3D(1, 0, 0, 0, 1, 0, 0, 0, 1, 4, 1, -9.5)
size = Vector3(2, 2, 1)
material = ExtResource("1_cngfu")

[node name="CSGBox3D27" type="CSGBox3D" parent="."]
transform = Transform3D(1, 0, 0, 0, 1, 0, 0, 0, 1, 4, 1, -4.5)
size = Vector3(2, 2, 1)
material = ExtResource("1_cngfu")

[node name="CSGBox3D28" type="CSGBox3D" parent="."]
transform = Transform3D(1, 0, 0, 0, 1, 0, 0, 0, 1, 4, 2.5, -7)
size = Vector3(2, 1, 6)
material = ExtResource("1_cngfu")

[node name="CSGBox3D2" type="CSGBox3D" parent="."]
transform = Transform3D(1, 0, 0, 0, 1, 0, 0, 0, 1, 0, 9, 0)
size = Vector3(6, 2, 2)
material = ExtResource("1_cngfu")

[node name="CSGBox3D3" type="CSGBox3D" parent="."]
transform = Transform3D(1, 0, 0, 0, 1, 0, 0, 0, 1, -1, 1, 6)
size = Vector3(2, 2, 2)
material = ExtResource("1_cngfu")

[node name="CSGBox3D7" type="CSGBox3D" parent="."]
transform = Transform3D(1, 0, 0, 0, 1, 0, 0, 0, 1, 2, 1, 12)
size = Vector3(2, 2, 2)
material = ExtResource("1_cngfu")

[node name="CSGBox3D8" type="CSGBox3D" parent="."]
transform = Transform3D(1, 0, 0, 0, 1, 0, 0, 0, 1, 1.5, 3, 12)
size = Vector3(3, 2, 2)
material = ExtResource("1_cngfu")

[node name="CSGBox3D6" type="CSGBox3D" parent="."]
transform = Transform3D(1, 0, 0, 0, 1, 0, 0, 0, 1, -1, 3, 9)
size = Vector3(2, 2, 8)
material = ExtResource("1_cngfu")

[node name="CSGBox3D4" type="CSGBox3D" parent="."]
transform = Transform3D(1, 0, 0, 0, 1, 0, 0, 0, 1, 4, 5, 0)
size = Vector3(2, 10, 2)
material = ExtResource("1_cngfu")

[node name="CSGBox3D5" type="CSGBox3D" parent="."]
transform = Transform3D(1, 0, 0, 0, 1, 0, 0, 0, 1, -4, 5, 0)
size = Vector3(2, 10, 2)
material = ExtResource("1_cngfu")

[node name="CSGBox3D29" type="CSGBox3D" parent="."]
transform = Transform3D(1, 0, 0, 0, 1, 0, 0, 0, 1, -3.5, 4.5, 11)
size = Vector3(1, 9, 2)
material = ExtResource("1_cngfu")

[node name="CSGBox3D32" type="CSGBox3D" parent="."]
transform = Transform3D(1, 0, 0, 0, 1, 0, 0, 0, 1, 6, 4.5, 13.5)
size = Vector3(2, 9, 1)
material = ExtResource("1_cngfu")

[node name="CSGBox3D30" type="CSGBox3D" parent="."]
transform = Transform3D(1, 0, 0, 0, 1, 0, 0, 0, 1, 1.5, 9.5, 11)
size = Vector3(11, 1, 2)
material = ExtResource("1_cngfu")

[node name="CSGBox3D31" type="CSGBox3D" parent="."]
transform = Transform3D(1, 0, 0, 0, 1, 0, 0, 0, 1, 6, 9.5, 13)
size = Vector3(2, 1, 2)
material = ExtResource("1_cngfu")
