[gd_scene load_steps=2 format=3 uid="uid://b7yipepfe5kc8"]

[ext_resource type="Material" uid="uid://bk1jki3qc31vu" path="res://textures/resources/CSG.tres" id="5_3s78c"]

[node name="minitile_3x4_1" type="Node3D"]

[node name="CSGBox3D" type="CSGBox3D" parent="."]
transform = Transform3D(1, 0, 0, 0, 1, 0, 0, 0, 1, 0, -25, 0)
size = Vector3(24, 50, 32)
material = ExtResource("5_3s78c")

[node name="CSGBox3D25" type="CSGBox3D" parent="."]
transform = Transform3D(1, 0, 0, 0, 1, 0, 0, 0, 1, 9.5, 2, -7)
size = Vector3(1, 4, 2)
material = ExtResource("5_3s78c")

[node name="CSGBox3D27" type="CSGBox3D" parent="."]
transform = Transform3D(1, 0, 0, 0, 1, 0, 0, 0, 1, 4.5, 2, -7)
size = Vector3(1, 4, 2)
material = ExtResource("5_3s78c")

[node name="CSGBox3D28" type="CSGBox3D" parent="."]
transform = Transform3D(1, 0, 0, 0, 1, 0, 0, 0, 1, 7, 4.5, -7)
size = Vector3(6, 1, 2)
material = ExtResource("5_3s78c")

[node name="CSGBox3D36" type="CSGBox3D" parent="."]
transform = Transform3D(1, 0, 0, 0, 1, 0, 0, 0, 1, 3, 9.5, 1)
size = Vector3(10, 1, 2)
material = ExtResource("5_3s78c")

[node name="CSGBox3D37" type="CSGBox3D" parent="."]
transform = Transform3D(1, 0, 0, 0, 1, 0, 0, 0, 1, -1, 9.5, 4.5)
size = Vector3(2, 1, 5)
material = ExtResource("5_3s78c")

[node name="CSGBox3D38" type="CSGBox3D" parent="."]
transform = Transform3D(1, 0, 0, 0, 1, 0, 0, 0, 1, -1, 7.5, 9.5)
size = Vector3(2, 1, 5)
material = ExtResource("5_3s78c")

[node name="CSGBox3D39" type="CSGBox3D" parent="."]
transform = Transform3D(1, 0, 0, 0, 1, 0, 0, 0, 1, -1, 4.5, 6.5)
size = Vector3(2, 9, 1)
material = ExtResource("5_3s78c")

[node name="CSGBox3D40" type="CSGBox3D" parent="."]
transform = Transform3D(1, 0, 0, 0, 1, 0, 0, 0, 1, -1, 3.5, 11.5)
size = Vector3(2, 7, 1)
material = ExtResource("5_3s78c")

[node name="CSGBox3D29" type="CSGBox3D" parent="."]
transform = Transform3D(1, 0, 0, 0, 1, 0, 0, 0, 1, 9.5, 2, -3)
size = Vector3(1, 4, 2)
material = ExtResource("5_3s78c")

[node name="CSGBox3D30" type="CSGBox3D" parent="."]
transform = Transform3D(1, 0, 0, 0, 1, 0, 0, 0, 1, 4.5, 2, -3)
size = Vector3(1, 4, 2)
material = ExtResource("5_3s78c")

[node name="CSGBox3D31" type="CSGBox3D" parent="."]
transform = Transform3D(1, 0, 0, 0, 1, 0, 0, 0, 1, 7, 4.5, -3)
size = Vector3(6, 1, 2)
material = ExtResource("5_3s78c")

[node name="CSGBox3D32" type="CSGBox3D" parent="."]
transform = Transform3D(1, 0, 0, 0, 1, 0, 0, 0, 1, 9.5, 2, 1)
size = Vector3(1, 4, 2)
material = ExtResource("5_3s78c")

[node name="CSGBox3D35" type="CSGBox3D" parent="."]
transform = Transform3D(1, 0, 0, 0, 1, 0, 0, 0, 1, 7.5, 7, 1)
size = Vector3(1, 4, 2)
material = ExtResource("5_3s78c")

[node name="CSGBox3D33" type="CSGBox3D" parent="."]
transform = Transform3D(1, 0, 0, 0, 1, 0, 0, 0, 1, 4.5, 2, 1)
size = Vector3(1, 4, 2)
material = ExtResource("5_3s78c")

[node name="CSGBox3D34" type="CSGBox3D" parent="."]
transform = Transform3D(1, 0, 0, 0, 1, 0, 0, 0, 1, 7, 4.5, 1)
size = Vector3(6, 1, 2)
material = ExtResource("5_3s78c")

[node name="CSGBox3D5" type="CSGBox3D" parent="."]
transform = Transform3D(1, 0, 0, 0, 1, 0, 0, 0, 1, -7, 2.5, -11)
size = Vector3(2, 5, 2)
material = ExtResource("5_3s78c")

[node name="CSGBox3D13" type="CSGBox3D" parent="."]
transform = Transform3D(1, 0, 0, 0, 1, 0, 0, 0, 1, -7, 5.5, -1)
size = Vector3(2, 1, 2)
material = ExtResource("5_3s78c")

[node name="CSGBox3D10" type="CSGBox3D" parent="."]
transform = Transform3D(1, 0, 0, 0, 1, 0, 0, 0, 1, -7, 4, -5)
size = Vector3(2, 2, 10)
material = ExtResource("5_3s78c")

[node name="CSGBox3D11" type="CSGBox3D" parent="."]
transform = Transform3D(1, 0, 0, 0, 1, 0, 0, 0, 1, -7, 7, 3)
size = Vector3(2, 2, 10)
material = ExtResource("5_3s78c")

[node name="CSGBox3D9" type="CSGBox3D" parent="."]
transform = Transform3D(1, 0, 0, 0, 1, 0, 0, 0, 1, -7, 5, 9)
size = Vector3(2, 6, 2)
material = ExtResource("5_3s78c")

[node name="CSGBox3D7" type="CSGBox3D" parent="."]
transform = Transform3D(1, 0, 0, 0, 1, 0, 0, 0, 1, 8, 1, 9)
size = Vector3(2, 2, 2)
material = ExtResource("5_3s78c")

[node name="CSGBox3D8" type="CSGBox3D" parent="."]
transform = Transform3D(1, 0, 0, 0, 1, 0, 0, 0, 1, 1.5, 3, 9)
size = Vector3(15, 2, 2)
material = ExtResource("5_3s78c")

[node name="CSGBox3D6" type="CSGBox3D" parent="."]
transform = Transform3D(1, 0, 0, 0, 1, 0, 0, 0, 1, 4, 3, 5)
size = Vector3(2, 6, 2)
material = ExtResource("5_3s78c")
