[gd_scene load_steps=2 format=3 uid="uid://cq1jitec1w285"]

[ext_resource type="Material" uid="uid://bk1jki3qc31vu" path="res://textures/resources/CSG.tres" id="1_ujb5o"]

[node name="minitile_3x4_1" type="Node3D"]

[node name="CSGBox3D" type="CSGBox3D" parent="."]
transform = Transform3D(1, 0, 0, 0, 1, 0, 0, 0, 1, 0, -25, 0)
size = Vector3(24, 50, 32)
material = ExtResource("1_ujb5o")

[node name="CSGBox3D16" type="CSGBox3D" parent="."]
transform = Transform3D(1, 0, 0, 0, 1, 0, 0, 0, 1, 7.5, 2, -12)
size = Vector3(5, 4, 4)
material = ExtResource("1_ujb5o")

[node name="CSGBox3D17" type="CSGBox3D" parent="."]
transform = Transform3D(1, 0, 0, 0, 1, 0, 0, 0, 1, -0.5, 2, 9)
size = Vector3(5, 4, 4)
material = ExtResource("1_ujb5o")

[node name="CSGBox3D18" type="CSGBox3D" parent="."]
transform = Transform3D(1, 0, 0, 0, 1, 0, 0, 0, 1, 7.5, 4.5, -8.5)
size = Vector3(5, 1, 11)
material = ExtResource("1_ujb5o")

[node name="CSGBox3D22" type="CSGBox3D" parent="."]
transform = Transform3D(1, 0, 0, 0, 1, 0, 0, 0, 1, 7.5, 7, -5)
size = Vector3(5, 4, 4)
material = ExtResource("1_ujb5o")

[node name="CSGBox3D23" type="CSGBox3D" parent="."]
transform = Transform3D(1, 0, 0, 0, 1, 0, 0, 0, 1, -4.5, 12, -5)
size = Vector3(5, 4, 4)
material = ExtResource("1_ujb5o")

[node name="CSGBox3D26" type="CSGBox3D" parent="."]
transform = Transform3D(1, 0, 0, 0, 1, 0, 0, 0, 1, -4.5, 17, 6)
size = Vector3(5, 4, 4)
material = ExtResource("1_ujb5o")

[node name="CSGBox3D31" type="CSGBox3D" parent="."]
transform = Transform3D(1, 0, 0, 0, 1, 0, 0, 0, 1, 4.5, 22, 6)
size = Vector3(5, 4, 4)
material = ExtResource("1_ujb5o")

[node name="CSGBox3D24" type="CSGBox3D" parent="."]
transform = Transform3D(1, 0, 0, 0, 1, 0, 0, 0, 1, 1.5, 9.5, -5)
size = Vector3(17, 1, 4)
material = ExtResource("1_ujb5o")

[node name="CSGBox3D27" type="CSGBox3D" parent="."]
transform = Transform3D(1, 0, 0, 0, 1, 0, 0, 0, 1, 0, 19.5, 6)
size = Vector3(14, 1, 4)
material = ExtResource("1_ujb5o")

[node name="CSGBox3D25" type="CSGBox3D" parent="."]
transform = Transform3D(1, 0, 0, 0, 1, 0, 0, 0, 1, -4.5, 14.5, 0.5)
size = Vector3(5, 1, 15)
material = ExtResource("1_ujb5o")

[node name="CSGBox3D32" type="CSGBox3D" parent="."]
transform = Transform3D(1, 0, 0, 0, 1, 0, 0, 0, 1, 4.5, 24.5, 9.5)
size = Vector3(5, 1, 11)
material = ExtResource("1_ujb5o")

[node name="CSGBox3D29" type="CSGBox3D" parent="."]
transform = Transform3D(1, 0, 0, 0, 1, 0, 0, 0, 1, 8, 0.5, -2.5)
size = Vector3(5, 1, 8)
material = ExtResource("1_ujb5o")

[node name="CSGBox3D30" type="CSGBox3D" parent="."]
transform = Transform3D(1, 0, 0, 0, 1, 0, 0, 0, 1, 5, 13, 13)
size = Vector3(2, 26, 2)
material = ExtResource("1_ujb5o")
