[gd_scene load_steps=2 format=3 uid="uid://6ca8u6i3yy4x"]

[ext_resource type="Material" uid="uid://bk1jki3qc31vu" path="res://textures/resources/CSG.tres" id="1_3o01d"]

[node name="minitile_1x2_1" type="Node3D"]

[node name="CSGBox3D" type="CSGBox3D" parent="."]
transform = Transform3D(1, 0, 0, 0, 1, 0, 0, 0, 1, 0, -25, 0)
size = Vector3(8, 50, 16)
material = ExtResource("1_3o01d")

[node name="CSGBox3D2" type="CSGBox3D" parent="."]
transform = Transform3D(1, 0, 0, 0, 1, 0, 0, 0, 1, -1.5, 8.5, 3.5)
material_override = ExtResource("1_3o01d")
size = Vector3(1, 13, 5)

[node name="CSGBox3D7" type="CSGBox3D" parent="."]
transform = Transform3D(1, 0, 0, 0, 1, 0, 0, 0, 1, -0.5, 2.5, 3.5)
material_override = ExtResource("1_3o01d")
size = Vector3(1, 1, 5)

[node name="CSGBox3D3" type="CSGBox3D" parent="."]
transform = Transform3D(1, 0, 0, 0, 1, 0, 0, 0, 1, 0.5, 8.5, 4.5)
material_override = ExtResource("1_3o01d")
size = Vector3(3, 1, 1)

[node name="CSGBox3D4" type="CSGBox3D" parent="."]
transform = Transform3D(1, 0, 0, 0, 1, 0, 0, 0, 1, 0, 6.5, 2.5)
material_override = ExtResource("1_3o01d")
size = Vector3(2, 1, 1)

[node name="CSGBox3D5" type="CSGBox3D" parent="."]
transform = Transform3D(1, 0, 0, 0, 1, 0, 0, 0, 1, 1.5, 3.5, 2.5)
material_override = ExtResource("1_3o01d")
size = Vector3(1, 7, 1)

[node name="CSGBox3D8" type="CSGBox3D" parent="."]
transform = Transform3D(1, 0, 0, 0, 1, 0, 0, 0, 1, -0.5, 3.5, -6.5)
material_override = ExtResource("1_3o01d")
size = Vector3(3, 1, 1)

[node name="CSGBox3D9" type="CSGBox3D" parent="."]
transform = Transform3D(1, 0, 0, 0, 1, 0, 0, 0, 1, 1.5, 2, -6.5)
material_override = ExtResource("1_3o01d")
size = Vector3(1, 4, 1)

[node name="CSGBox3D10" type="CSGBox3D" parent="."]
transform = Transform3D(1, 0, 0, 0, 1, 0, 0, 0, 1, -2.5, 2, -6.5)
material_override = ExtResource("1_3o01d")
size = Vector3(1, 4, 1)

[node name="CSGBox3D11" type="CSGBox3D" parent="."]
transform = Transform3D(1, 0, 0, 0, 1, 0, 0, 0, 1, -0.5, 3.5, -4.5)
material_override = ExtResource("1_3o01d")
size = Vector3(3, 1, 1)

[node name="CSGBox3D12" type="CSGBox3D" parent="."]
transform = Transform3D(1, 0, 0, 0, 1, 0, 0, 0, 1, 1.5, 2, -4.5)
material_override = ExtResource("1_3o01d")
size = Vector3(1, 4, 1)

[node name="CSGBox3D13" type="CSGBox3D" parent="."]
transform = Transform3D(1, 0, 0, 0, 1, 0, 0, 0, 1, -2.5, 2, -4.5)
material_override = ExtResource("1_3o01d")
size = Vector3(1, 4, 1)

[node name="CSGBox3D6" type="CSGBox3D" parent="."]
transform = Transform3D(1, 0, 0, 0, 1, 0, 0, 0, 1, 2.5, 4.5, 4.5)
material_override = ExtResource("1_3o01d")
size = Vector3(1, 9, 1)
