[gd_scene load_steps=2 format=3 uid="uid://che27d1u3siu2"]

[ext_resource type="Material" uid="uid://bk1jki3qc31vu" path="res://textures/resources/CSG.tres" id="1_5iikd"]

[node name="minitile_3x3_1" type="Node3D"]

[node name="CSGBox3D" type="CSGBox3D" parent="."]
transform = Transform3D(1, 0, 0, 0, 1, 0, 0, 0, 1, 0, -25, 0)
material_override = ExtResource("1_5iikd")
size = Vector3(24, 50, 24)

[node name="CSGBox3D23" type="CSGBox3D" parent="."]
transform = Transform3D(1, 0, 0, 0, 1, 0, 0, 0, 1, -2.5, 14, -3.5)
material_override = ExtResource("1_5iikd")
size = Vector3(5, 2, 3)

[node name="CSGBox3D24" type="CSGBox3D" parent="."]
transform = Transform3D(1, 0, 0, 0, 1, 0, 0, 0, 1, -2.5, 14, -3.5)
material_override = ExtResource("1_5iikd")
size = Vector3(3, 2, 5)

[node name="CSGBox3D25" type="CSGBox3D" parent="."]
transform = Transform3D(1, 0, 0, 0, 1, 0, 0, 0, 1, -2.5, 14, -3.5)
material_override = ExtResource("1_5iikd")
size = Vector3(3, 6, 3)

[node name="CSGBox3D26" type="CSGBox3D" parent="."]
transform = Transform3D(1, 0, 0, 0, 1, 0, 0, 0, 1, -2.5, 10.5, -3.5)
material_override = ExtResource("1_5iikd")
size = Vector3(1, 17, 1)

[node name="CSGBox3D27" type="CSGBox3D" parent="."]
transform = Transform3D(1, 0, 0, 0, 1, 0, 0, 0, 1, -2.5, 2.5, -3.5)
material_override = ExtResource("1_5iikd")
size = Vector3(3, 1, 3)

[node name="CSGBox3D28" type="CSGBox3D" parent="."]
transform = Transform3D(1, 0, 0, 0, 1, 0, 0, 0, 1, -2.5, 1.5, -3.5)
material_override = ExtResource("1_5iikd")
size = Vector3(5, 1, 5)

[node name="CSGBox3D29" type="CSGBox3D" parent="."]
transform = Transform3D(1, 0, 0, 0, 1, 0, 0, 0, 1, -2.5, 0.5, -3.5)
material_override = ExtResource("1_5iikd")
size = Vector3(7, 1, 7)

[node name="CSGBox3D30" type="CSGBox3D" parent="."]
transform = Transform3D(1, 0, 0, 0, 1, 0, 0, 0, 1, 6.5, 20, 3.5)
material_override = ExtResource("1_5iikd")
size = Vector3(5, 2, 3)

[node name="CSGBox3D31" type="CSGBox3D" parent="."]
transform = Transform3D(1, 0, 0, 0, 1, 0, 0, 0, 1, 6.5, 20, 3.5)
material_override = ExtResource("1_5iikd")
size = Vector3(3, 2, 5)

[node name="CSGBox3D32" type="CSGBox3D" parent="."]
transform = Transform3D(1, 0, 0, 0, 1, 0, 0, 0, 1, 6.5, 20, 3.5)
material_override = ExtResource("1_5iikd")
size = Vector3(3, 6, 3)

[node name="CSGBox3D33" type="CSGBox3D" parent="."]
transform = Transform3D(1, 0, 0, 0, 1, 0, 0, 0, 1, 6.5, 13.5, 3.5)
material_override = ExtResource("1_5iikd")
size = Vector3(1, 23, 1)

[node name="CSGBox3D34" type="CSGBox3D" parent="."]
transform = Transform3D(1, 0, 0, 0, 1, 0, 0, 0, 1, 6.5, 2.5, 3.5)
material_override = ExtResource("1_5iikd")
size = Vector3(3, 1, 3)

[node name="CSGBox3D35" type="CSGBox3D" parent="."]
transform = Transform3D(1, 0, 0, 0, 1, 0, 0, 0, 1, 6.5, 1.5, 3.5)
material_override = ExtResource("1_5iikd")
size = Vector3(5, 1, 5)

[node name="CSGBox3D36" type="CSGBox3D" parent="."]
transform = Transform3D(1, 0, 0, 0, 1, 0, 0, 0, 1, 6.5, 0.5, 3.5)
material_override = ExtResource("1_5iikd")
size = Vector3(7, 1, 7)

[node name="CSGBox3D20" type="CSGBox3D" parent="."]
transform = Transform3D(1, 0, 0, 0, 1, 0, 0, 0, 1, 0.5, 6, 4.5)
material_override = ExtResource("1_5iikd")
size = Vector3(3, 4, 3)

[node name="CSGBox3D13" type="CSGBox3D" parent="."]
transform = Transform3D(1, 0, 0, 0, 1, 0, 0, 0, 1, 0.5, 5, 4.5)
material_override = ExtResource("1_5iikd")
size = Vector3(1, 8, 1)

[node name="CSGBox3D18" type="CSGBox3D" parent="."]
transform = Transform3D(1, 0, 0, 0, 1, 0, 0, 0, 1, 0.5, 0.5, 4.5)
material_override = ExtResource("1_5iikd")
size = Vector3(3, 1, 3)

[node name="CSGBox3D21" type="CSGBox3D" parent="."]
transform = Transform3D(1, 0, 0, 0, 1, 0, 0, 0, 1, -8.5, 10, -9.5)
material_override = ExtResource("1_5iikd")
size = Vector3(3, 4, 3)

[node name="CSGBox3D14" type="CSGBox3D" parent="."]
transform = Transform3D(1, 0, 0, 0, 1, 0, 0, 0, 1, -8.5, 7, -9.5)
material_override = ExtResource("1_5iikd")
size = Vector3(1, 12, 1)

[node name="CSGBox3D19" type="CSGBox3D" parent="."]
transform = Transform3D(1, 0, 0, 0, 1, 0, 0, 0, 1, -8.5, 0.5, -9.5)
material_override = ExtResource("1_5iikd")
size = Vector3(3, 1, 3)

[node name="CSGBox3D2" type="CSGBox3D" parent="."]
transform = Transform3D(1, 0, 0, 0, 1, 0, 0, 0, 1, 8.5, 8, -7.5)
material_override = ExtResource("1_5iikd")
size = Vector3(5, 2, 3)

[node name="CSGBox3D3" type="CSGBox3D" parent="."]
transform = Transform3D(1, 0, 0, 0, 1, 0, 0, 0, 1, 8.5, 8, -7.5)
material_override = ExtResource("1_5iikd")
size = Vector3(3, 2, 5)

[node name="CSGBox3D4" type="CSGBox3D" parent="."]
transform = Transform3D(1, 0, 0, 0, 1, 0, 0, 0, 1, 8.5, 8, -7.5)
material_override = ExtResource("1_5iikd")
size = Vector3(3, 4, 3)

[node name="CSGBox3D5" type="CSGBox3D" parent="."]
transform = Transform3D(1, 0, 0, 0, 1, 0, 0, 0, 1, 8.5, 6, -7.5)
material_override = ExtResource("1_5iikd")
size = Vector3(1, 10, 1)

[node name="CSGBox3D6" type="CSGBox3D" parent="."]
transform = Transform3D(1, 0, 0, 0, 1, 0, 0, 0, 1, 8.5, 1.5, -7.5)
material_override = ExtResource("1_5iikd")
size = Vector3(3, 1, 3)

[node name="CSGBox3D7" type="CSGBox3D" parent="."]
transform = Transform3D(1, 0, 0, 0, 1, 0, 0, 0, 1, 8.5, 0.5, -7.5)
material_override = ExtResource("1_5iikd")
size = Vector3(5, 1, 5)
