[gd_scene load_steps=2 format=3 uid="uid://csno185hifjv6"]

[ext_resource type="Material" uid="uid://bk1jki3qc31vu" path="res://textures/resources/CSG.tres" id="1_iav1d"]

[node name="minitile_2x5_1" type="Node3D"]

[node name="CSGBox3D" type="CSGBox3D" parent="."]
transform = Transform3D(1, 0, 0, 0, 1, 0, 0, 0, 1, 0, -25, 0)
material_override = ExtResource("1_iav1d")
size = Vector3(16, 50, 40)

[node name="CSGBox3D2" type="CSGBox3D" parent="."]
transform = Transform3D(1, 0, 0, 0, 1, 0, 0, 0, 1, -3.5, 8, 15.5)
material_override = ExtResource("1_iav1d")
size = Vector3(5, 2, 3)

[node name="CSGBox3D3" type="CSGBox3D" parent="."]
transform = Transform3D(1, 0, 0, 0, 1, 0, 0, 0, 1, -3.5, 8, 15.5)
material_override = ExtResource("1_iav1d")
size = Vector3(3, 2, 5)

[node name="CSGBox3D4" type="CSGBox3D" parent="."]
transform = Transform3D(1, 0, 0, 0, 1, 0, 0, 0, 1, -3.5, 8, 15.5)
material_override = ExtResource("1_iav1d")
size = Vector3(3, 4, 3)

[node name="CSGBox3D5" type="CSGBox3D" parent="."]
transform = Transform3D(1, 0, 0, 0, 1, 0, 0, 0, 1, -3.5, 6, 15.5)
material_override = ExtResource("1_iav1d")
size = Vector3(1, 10, 1)

[node name="CSGBox3D6" type="CSGBox3D" parent="."]
transform = Transform3D(1, 0, 0, 0, 1, 0, 0, 0, 1, -3.5, 1.5, 15.5)
material_override = ExtResource("1_iav1d")
size = Vector3(3, 1, 3)

[node name="CSGBox3D7" type="CSGBox3D" parent="."]
transform = Transform3D(1, 0, 0, 0, 1, 0, 0, 0, 1, -3.5, 0.5, 15.5)
material_override = ExtResource("1_iav1d")
size = Vector3(5, 1, 5)

[node name="CSGBox3D23" type="CSGBox3D" parent="."]
transform = Transform3D(1, 0, 0, 0, 1, 0, 0, 0, 1, -2.5, 18, -3.5)
material_override = ExtResource("1_iav1d")
size = Vector3(5, 2, 3)

[node name="CSGBox3D24" type="CSGBox3D" parent="."]
transform = Transform3D(1, 0, 0, 0, 1, 0, 0, 0, 1, -2.5, 18, -3.5)
material_override = ExtResource("1_iav1d")
size = Vector3(3, 2, 5)

[node name="CSGBox3D25" type="CSGBox3D" parent="."]
transform = Transform3D(1, 0, 0, 0, 1, 0, 0, 0, 1, -2.5, 18, -3.5)
material_override = ExtResource("1_iav1d")
size = Vector3(3, 6, 3)

[node name="CSGBox3D26" type="CSGBox3D" parent="."]
transform = Transform3D(1, 0, 0, 0, 1, 0, 0, 0, 1, -2.5, 12.5, -3.5)
material_override = ExtResource("1_iav1d")
size = Vector3(1, 21, 1)

[node name="CSGBox3D27" type="CSGBox3D" parent="."]
transform = Transform3D(1, 0, 0, 0, 1, 0, 0, 0, 1, -2.5, 2.5, -3.5)
material_override = ExtResource("1_iav1d")
size = Vector3(3, 1, 3)

[node name="CSGBox3D28" type="CSGBox3D" parent="."]
transform = Transform3D(1, 0, 0, 0, 1, 0, 0, 0, 1, -2.5, 1.5, -3.5)
material_override = ExtResource("1_iav1d")
size = Vector3(5, 1, 5)

[node name="CSGBox3D29" type="CSGBox3D" parent="."]
transform = Transform3D(1, 0, 0, 0, 1, 0, 0, 0, 1, -2.5, 0.5, -3.5)
material_override = ExtResource("1_iav1d")
size = Vector3(7, 1, 7)

[node name="CSGBox3D8" type="CSGBox3D" parent="."]
transform = Transform3D(1, 0, 0, 0, 1, 0, 0, 0, 1, 1.5, 5, 5.5)
material_override = ExtResource("1_iav1d")
size = Vector3(5, 2, 3)

[node name="CSGBox3D9" type="CSGBox3D" parent="."]
transform = Transform3D(1, 0, 0, 0, 1, 0, 0, 0, 1, 1.5, 5, 5.5)
material_override = ExtResource("1_iav1d")
size = Vector3(3, 2, 5)

[node name="CSGBox3D10" type="CSGBox3D" parent="."]
transform = Transform3D(1, 0, 0, 0, 1, 0, 0, 0, 1, 1.5, 5, 5.5)
material_override = ExtResource("1_iav1d")
size = Vector3(3, 4, 3)

[node name="CSGBox3D21" type="CSGBox3D" parent="."]
transform = Transform3D(1, 0, 0, 0, 1, 0, 0, 0, 1, 1.5, 4.5, 5.5)
material_override = ExtResource("1_iav1d")
size = Vector3(1, 7, 1)

[node name="CSGBox3D22" type="CSGBox3D" parent="."]
transform = Transform3D(1, 0, 0, 0, 1, 0, 0, 0, 1, 1.5, 0.5, 5.5)
material_override = ExtResource("1_iav1d")
size = Vector3(3, 1, 3)

[node name="CSGBox3D19" type="CSGBox3D" parent="."]
transform = Transform3D(1, 0, 0, 0, 1, 0, 0, 0, 1, -4.5, 12, -15.5)
material_override = ExtResource("1_iav1d")
size = Vector3(3, 4, 3)

[node name="CSGBox3D11" type="CSGBox3D" parent="."]
transform = Transform3D(1, 0, 0, 0, 1, 0, 0, 0, 1, -4.5, 8, -15.5)
material_override = ExtResource("1_iav1d")
size = Vector3(1, 14, 1)

[node name="CSGBox3D14" type="CSGBox3D" parent="."]
transform = Transform3D(1, 0, 0, 0, 1, 0, 0, 0, 1, 3.5, 1, -9.5)
material_override = ExtResource("1_iav1d")
size = Vector3(5, 2, 3)

[node name="CSGBox3D15" type="CSGBox3D" parent="."]
transform = Transform3D(1, 0, 0, 0, 1, 0, 0, 0, 1, 3.5, 1, -9.5)
material_override = ExtResource("1_iav1d")
size = Vector3(3, 2, 5)

[node name="CSGBox3D16" type="CSGBox3D" parent="."]
transform = Transform3D(1, 0, 0, 0, 1, 0, 0, 0, 1, 3.5, 1, -9.5)
material_override = ExtResource("1_iav1d")
size = Vector3(3, 4, 3)

[node name="CSGBox3D17" type="CSGBox3D" parent="."]
transform = Transform3D(1, 0, 0, 0, 1, 0, 0, 0, 1, 3.5, 3.5, -9.5)
material_override = ExtResource("1_iav1d")

[node name="CSGBox3D12" type="CSGBox3D" parent="."]
transform = Transform3D(1, 0, 0, 0, 1, 0, 0, 0, 1, -4.5, 0.5, -15.5)
material_override = ExtResource("1_iav1d")
size = Vector3(3, 1, 3)

[node name="CSGBox3D20" type="CSGBox3D" parent="."]
transform = Transform3D(1, 0, 0, 0, 1, 0, 0, 0, 1, 5.5, 8, 11.5)
material_override = ExtResource("1_iav1d")
size = Vector3(3, 4, 3)

[node name="CSGBox3D13" type="CSGBox3D" parent="."]
transform = Transform3D(1, 0, 0, 0, 1, 0, 0, 0, 1, 5.5, 6, 11.5)
material_override = ExtResource("1_iav1d")
size = Vector3(1, 10, 1)

[node name="CSGBox3D18" type="CSGBox3D" parent="."]
transform = Transform3D(1, 0, 0, 0, 1, 0, 0, 0, 1, 5.5, 0.5, 11.5)
material_override = ExtResource("1_iav1d")
size = Vector3(3, 1, 3)
