[gd_scene load_steps=2 format=3 uid="uid://ctmu1etotw5h5"]

[ext_resource type="Material" uid="uid://bk1jki3qc31vu" path="res://textures/resources/CSG.tres" id="1_cnowe"]

[node name="minitile_1x5_1" type="Node3D"]

[node name="CSGBox3D" type="CSGBox3D" parent="."]
transform = Transform3D(1, 0, 0, 0, 1, 0, 0, 0, 1, 0, -25, 0)
size = Vector3(8, 50, 40)
material = ExtResource("1_cnowe")

[node name="CSGBox3D2" type="CSGBox3D" parent="."]
transform = Transform3D(1, 0, 0, 0, 1, 0, 0, 0, 1, 0.5, 10, 16.5)
material_override = ExtResource("1_cnowe")
size = Vector3(5, 2, 3)

[node name="CSGBox3D3" type="CSGBox3D" parent="."]
transform = Transform3D(1, 0, 0, 0, 1, 0, 0, 0, 1, 0.5, 10, 16.5)
material_override = ExtResource("1_cnowe")
size = Vector3(3, 2, 5)

[node name="CSGBox3D4" type="CSGBox3D" parent="."]
transform = Transform3D(1, 0, 0, 0, 1, 0, 0, 0, 1, 0.5, 10, 16.5)
material_override = ExtResource("1_cnowe")
size = Vector3(3, 4, 3)

[node name="CSGBox3D5" type="CSGBox3D" parent="."]
transform = Transform3D(1, 0, 0, 0, 1, 0, 0, 0, 1, 0.5, 7, 16.5)
material_override = ExtResource("1_cnowe")
size = Vector3(1, 12, 1)

[node name="CSGBox3D6" type="CSGBox3D" parent="."]
transform = Transform3D(1, 0, 0, 0, 1, 0, 0, 0, 1, 0.5, 1.5, 16.5)
material_override = ExtResource("1_cnowe")
size = Vector3(3, 1, 3)

[node name="CSGBox3D7" type="CSGBox3D" parent="."]
transform = Transform3D(1, 0, 0, 0, 1, 0, 0, 0, 1, 0.5, 0.5, 16.5)
material_override = ExtResource("1_cnowe")
size = Vector3(5, 1, 5)

[node name="CSGBox3D8" type="CSGBox3D" parent="."]
transform = Transform3D(1, 0, 0, 0, 1, 0, 0, 0, 1, -0.5, 12, -14.5)
material_override = ExtResource("1_cnowe")
size = Vector3(5, 2, 3)

[node name="CSGBox3D9" type="CSGBox3D" parent="."]
transform = Transform3D(1, 0, 0, 0, 1, 0, 0, 0, 1, -0.5, 12, -14.5)
material_override = ExtResource("1_cnowe")
size = Vector3(3, 2, 5)

[node name="CSGBox3D10" type="CSGBox3D" parent="."]
transform = Transform3D(1, 0, 0, 0, 1, 0, 0, 0, 1, -0.5, 12, -14.5)
material_override = ExtResource("1_cnowe")
size = Vector3(3, 4, 3)

[node name="CSGBox3D18" type="CSGBox3D" parent="."]
transform = Transform3D(1, 0, 0, 0, 1, 0, 0, 0, 1, -0.5, 8.5, -14.5)
material_override = ExtResource("1_cnowe")
size = Vector3(1, 13, 1)

[node name="CSGBox3D20" type="CSGBox3D" parent="."]
transform = Transform3D(1, 0, 0, 0, 1, 0, 0, 0, 1, -0.5, 1.5, -14.5)
material_override = ExtResource("1_cnowe")
size = Vector3(3, 1, 3)

[node name="CSGBox3D21" type="CSGBox3D" parent="."]
transform = Transform3D(1, 0, 0, 0, 1, 0, 0, 0, 1, -0.5, 0.5, -14.5)
material_override = ExtResource("1_cnowe")
size = Vector3(5, 1, 5)

[node name="CSGBox3D19" type="CSGBox3D" parent="."]
transform = Transform3D(1, 0, 0, 0, 1, 0, 0, 0, 1, -0.5, 16, 11.5)
material_override = ExtResource("1_cnowe")
size = Vector3(3, 4, 3)

[node name="CSGBox3D11" type="CSGBox3D" parent="."]
transform = Transform3D(1, 0, 0, 0, 1, 0, 0, 0, 1, -0.5, 10.5, 11.5)
material_override = ExtResource("1_cnowe")
size = Vector3(1, 17, 1)

[node name="CSGBox3D16" type="CSGBox3D" parent="."]
transform = Transform3D(1, 0, 0, 0, 1, 0, 0, 0, 1, 0.5, 1, -0.5)
material_override = ExtResource("1_cnowe")
size = Vector3(3, 4, 3)

[node name="CSGBox3D17" type="CSGBox3D" parent="."]
transform = Transform3D(1, 0, 0, 0, 1, 0, 0, 0, 1, 0.5, 3.5, -0.5)
material_override = ExtResource("1_cnowe")

[node name="CSGBox3D12" type="CSGBox3D" parent="."]
transform = Transform3D(1, 0, 0, 0, 1, 0, 0, 0, 1, -0.5, 1.5, 11.5)
material_override = ExtResource("1_cnowe")
size = Vector3(3, 1, 3)

[node name="CSGBox3D13" type="CSGBox3D" parent="."]
transform = Transform3D(1, 0, 0, 0, 1, 0, 0, 0, 1, -0.5, 0.5, 11.5)
material_override = ExtResource("1_cnowe")
size = Vector3(5, 1, 5)
