[gd_scene load_steps=2 format=3 uid="uid://drs5ugm7neduo"]

[ext_resource type="Material" uid="uid://bk1jki3qc31vu" path="res://textures/resources/CSG.tres" id="1_1oa0y"]

[node name="minitile_2x3_1" type="Node3D"]

[node name="CSGBox3D" type="CSGBox3D" parent="."]
transform = Transform3D(1, 0, 0, 0, 1, 0, 0, 0, 1, 0, -25, 0)
material_override = ExtResource("1_1oa0y")
size = Vector3(16, 50, 24)

[node name="CSGBox3D14" type="CSGBox3D" parent="."]
transform = Transform3D(1, 0, 0, 0, 1, 0, 0, 0, 1, 2, 2, -10)
size = Vector3(2, 4, 2)
material = ExtResource("1_1oa0y")

[node name="CSGBox3D21" type="CSGBox3D" parent="."]
transform = Transform3D(1, 0, 0, 0, 1, 0, 0, 0, 1, 2, 2, -2)
size = Vector3(2, 4, 2)
material = ExtResource("1_1oa0y")

[node name="CSGBox3D22" type="CSGBox3D" parent="."]
transform = Transform3D(1, 0, 0, 0, 1, 0, 0, 0, 1, 2, 2, -6)
size = Vector3(2, 4, 2)
material = ExtResource("1_1oa0y")

[node name="CSGBox3D23" type="CSGBox3D" parent="."]
transform = Transform3D(1, 0, 0, 0, 1, 0, 0, 0, 1, 6, 2, -2)
size = Vector3(2, 4, 2)
material = ExtResource("1_1oa0y")

[node name="CSGBox3D24" type="CSGBox3D" parent="."]
transform = Transform3D(1, 0, 0, 0, 1, 0, 0, 0, 1, 6, 2, -6)
size = Vector3(2, 4, 2)
material = ExtResource("1_1oa0y")

[node name="CSGBox3D26" type="CSGBox3D" parent="."]
transform = Transform3D(1, 0, 0, 0, 1, 0, 0, 0, 1, 2, 2, 2)
size = Vector3(2, 4, 2)
material = ExtResource("1_1oa0y")

[node name="CSGBox3D28" type="CSGBox3D" parent="."]
transform = Transform3D(1, 0, 0, 0, 1, 0, 0, 0, 1, 6, 2, 2)
size = Vector3(2, 4, 2)
material = ExtResource("1_1oa0y")

[node name="CSGBox3D39" type="CSGBox3D" parent="."]
transform = Transform3D(1, 0, 0, 0, 1, 0, 0, 0, 1, -2, 2, -10)
size = Vector3(2, 4, 2)
material = ExtResource("1_1oa0y")

[node name="CSGBox3D41" type="CSGBox3D" parent="."]
transform = Transform3D(1, 0, 0, 0, 1, 0, 0, 0, 1, -6, 2, -2)
size = Vector3(2, 4, 2)
material = ExtResource("1_1oa0y")

[node name="CSGBox3D42" type="CSGBox3D" parent="."]
transform = Transform3D(1, 0, 0, 0, 1, 0, 0, 0, 1, -6, 2, -6)
size = Vector3(2, 4, 2)
material = ExtResource("1_1oa0y")

[node name="CSGBox3D43" type="CSGBox3D" parent="."]
transform = Transform3D(1, 0, 0, 0, 1, 0, 0, 0, 1, -2, 2, -2)
size = Vector3(2, 4, 2)
material = ExtResource("1_1oa0y")

[node name="CSGBox3D44" type="CSGBox3D" parent="."]
transform = Transform3D(1, 0, 0, 0, 1, 0, 0, 0, 1, -2, 2, -6)
size = Vector3(2, 4, 2)
material = ExtResource("1_1oa0y")

[node name="CSGBox3D46" type="CSGBox3D" parent="."]
transform = Transform3D(1, 0, 0, 0, 1, 0, 0, 0, 1, -6, 2, 2)
size = Vector3(2, 4, 2)
material = ExtResource("1_1oa0y")

[node name="CSGBox3D15" type="CSGBox3D" parent="."]
transform = Transform3D(1, 0, 0, 0, 1, 0, 0, 0, 1, 2, 2, 6)
size = Vector3(2, 4, 2)
material = ExtResource("1_1oa0y")

[node name="CSGBox3D20" type="CSGBox3D" parent="."]
transform = Transform3D(1, 0, 0, 0, 1, 0, 0, 0, 1, 6, 2, 6)
size = Vector3(2, 4, 2)
material = ExtResource("1_1oa0y")

[node name="CSGBox3D40" type="CSGBox3D" parent="."]
transform = Transform3D(1, 0, 0, 0, 1, 0, 0, 0, 1, -2, 2, 6)
size = Vector3(2, 4, 2)
material = ExtResource("1_1oa0y")

[node name="CSGBox3D27" type="CSGBox3D" parent="."]
transform = Transform3D(1, 0, 0, 0, 1, 0, 0, 0, 1, 2, 7, 10)
size = Vector3(2, 14, 2)
material = ExtResource("1_1oa0y")
