[gd_scene load_steps=2 format=3 uid="uid://xo4mq2pfgkpt"]

[ext_resource type="Material" uid="uid://bk1jki3qc31vu" path="res://textures/resources/CSG.tres" id="1_yxgb1"]

[node name="minitile_1x3_1" type="Node3D"]

[node name="CSGBox3D" type="CSGBox3D" parent="."]
transform = Transform3D(1, 0, 0, 0, 1, 0, 0, 0, 1, 0, -25, 0)
material_override = ExtResource("1_yxgb1")
size = Vector3(8, 50, 24)

[node name="CSGBox3D92" type="CSGBox3D" parent="."]
transform = Transform3D(1, 0, 0, 0, 1, 0, 0, 0, 1, 0, 5, -11)
material_override = ExtResource("1_yxgb1")
size = Vector3(8, 2, 2)

[node name="CSGBox3D93" type="CSGBox3D" parent="."]
transform = Transform3D(1, 0, 0, 0, 1, 0, 0, 0, 1, 0, 5, 7)
material_override = ExtResource("1_yxgb1")
size = Vector3(8, 2, 2)

[node name="CSGBox3D94" type="CSGBox3D" parent="."]
transform = Transform3D(1, 0, 0, 0, 1, 0, 0, 0, 1, 0, 5, 10)
material_override = ExtResource("1_yxgb1")
size = Vector3(8, 2, 2)

[node name="CSGBox3D103" type="CSGBox3D" parent="."]
transform = Transform3D(1, 0, 0, 0, 1, 0, 0, 0, 1, 0, 5, 4)
material_override = ExtResource("1_yxgb1")
size = Vector3(8, 2, 2)

[node name="CSGBox3D106" type="CSGBox3D" parent="."]
transform = Transform3D(1, 0, 0, 0, 1, 0, 0, 0, 1, 0, 5, 1)
material_override = ExtResource("1_yxgb1")
size = Vector3(8, 2, 2)

[node name="CSGBox3D109" type="CSGBox3D" parent="."]
transform = Transform3D(1, 0, 0, 0, 1, 0, 0, 0, 1, 0, 5, -2)
material_override = ExtResource("1_yxgb1")
size = Vector3(8, 2, 2)

[node name="CSGBox3D112" type="CSGBox3D" parent="."]
transform = Transform3D(1, 0, 0, 0, 1, 0, 0, 0, 1, 0, 5, -5)
material_override = ExtResource("1_yxgb1")
size = Vector3(8, 2, 2)

[node name="CSGBox3D115" type="CSGBox3D" parent="."]
transform = Transform3D(1, 0, 0, 0, 1, 0, 0, 0, 1, 0, 5, -8)
material_override = ExtResource("1_yxgb1")
size = Vector3(8, 2, 2)

[node name="CSGBox3D101" type="CSGBox3D" parent="."]
transform = Transform3D(1, 0, 0, 0, 1, 0, 0, 0, 1, 1.5, 1.5, -11.5)
material_override = ExtResource("1_yxgb1")
size = Vector3(3, 3, 1)

[node name="CSGBox3D105" type="CSGBox3D" parent="."]
transform = Transform3D(1, 0, 0, 0, 1, 0, 0, 0, 1, -2.5, 1.5, -11.5)
material_override = ExtResource("1_yxgb1")
size = Vector3(1, 3, 1)

[node name="CSGBox3D126" type="CSGBox3D" parent="."]
transform = Transform3D(1, 0, 0, 0, 1, 0, 0, 0, 1, 0.5, 1.5, -10)
material_override = ExtResource("1_yxgb1")
size = Vector3(1, 3, 2)

[node name="CSGBox3D104" type="CSGBox3D" parent="."]
transform = Transform3D(1, 0, 0, 0, 1, 0, 0, 0, 1, 0, 1.5, 10.5)
material_override = ExtResource("1_yxgb1")
size = Vector3(6, 3, 1)

[node name="CSGBox3D107" type="CSGBox3D" parent="."]
transform = Transform3D(1, 0, 0, 0, 1, 0, 0, 0, 1, -3.5, 2, -5)
material_override = ExtResource("1_yxgb1")
size = Vector3(1, 4, 2)

[node name="CSGBox3D108" type="CSGBox3D" parent="."]
transform = Transform3D(1, 0, 0, 0, 1, 0, 0, 0, 1, 3.5, 2, -5)
material_override = ExtResource("1_yxgb1")
size = Vector3(1, 4, 2)

[node name="CSGBox3D110" type="CSGBox3D" parent="."]
transform = Transform3D(1, 0, 0, 0, 1, 0, 0, 0, 1, -3.5, 2, -8)
material_override = ExtResource("1_yxgb1")
size = Vector3(1, 4, 2)

[node name="CSGBox3D111" type="CSGBox3D" parent="."]
transform = Transform3D(1, 0, 0, 0, 1, 0, 0, 0, 1, 3.5, 2, -8)
material_override = ExtResource("1_yxgb1")
size = Vector3(1, 4, 2)

[node name="CSGBox3D113" type="CSGBox3D" parent="."]
transform = Transform3D(1, 0, 0, 0, 1, 0, 0, 0, 1, -3.5, 2, -11)
material_override = ExtResource("1_yxgb1")
size = Vector3(1, 4, 2)

[node name="CSGBox3D114" type="CSGBox3D" parent="."]
transform = Transform3D(1, 0, 0, 0, 1, 0, 0, 0, 1, 3.5, 2, -11)
material_override = ExtResource("1_yxgb1")
size = Vector3(1, 4, 2)

[node name="CSGBox3D116" type="CSGBox3D" parent="."]
transform = Transform3D(1, 0, 0, 0, 1, 0, 0, 0, 1, -3.5, 2, -2)
material_override = ExtResource("1_yxgb1")
size = Vector3(1, 4, 2)

[node name="CSGBox3D117" type="CSGBox3D" parent="."]
transform = Transform3D(1, 0, 0, 0, 1, 0, 0, 0, 1, 3.5, 2, -2)
material_override = ExtResource("1_yxgb1")
size = Vector3(1, 4, 2)

[node name="CSGBox3D118" type="CSGBox3D" parent="."]
transform = Transform3D(1, 0, 0, 0, 1, 0, 0, 0, 1, -3.5, 2, 1)
material_override = ExtResource("1_yxgb1")
size = Vector3(1, 4, 2)

[node name="CSGBox3D120" type="CSGBox3D" parent="."]
transform = Transform3D(1, 0, 0, 0, 1, 0, 0, 0, 1, -3.5, 8, 4)
material_override = ExtResource("1_yxgb1")
size = Vector3(1, 4, 2)

[node name="CSGBox3D119" type="CSGBox3D" parent="."]
transform = Transform3D(1, 0, 0, 0, 1, 0, 0, 0, 1, 3.5, 2, 1)
material_override = ExtResource("1_yxgb1")
size = Vector3(1, 4, 2)

[node name="CSGBox3D121" type="CSGBox3D" parent="."]
transform = Transform3D(1, 0, 0, 0, 1, 0, 0, 0, 1, 3.5, 2, 4)
material_override = ExtResource("1_yxgb1")
size = Vector3(1, 4, 2)

[node name="CSGBox3D122" type="CSGBox3D" parent="."]
transform = Transform3D(1, 0, 0, 0, 1, 0, 0, 0, 1, -3.5, 2, 7)
material_override = ExtResource("1_yxgb1")
size = Vector3(1, 4, 2)

[node name="CSGBox3D123" type="CSGBox3D" parent="."]
transform = Transform3D(1, 0, 0, 0, 1, 0, 0, 0, 1, 3.5, 2, 7)
material_override = ExtResource("1_yxgb1")
size = Vector3(1, 4, 2)

[node name="CSGBox3D124" type="CSGBox3D" parent="."]
transform = Transform3D(1, 0, 0, 0, 1, 0, 0, 0, 1, -3.5, 2, 10)
material_override = ExtResource("1_yxgb1")
size = Vector3(1, 4, 2)

[node name="CSGBox3D125" type="CSGBox3D" parent="."]
transform = Transform3D(1, 0, 0, 0, 1, 0, 0, 0, 1, 3.5, 2, 10)
material_override = ExtResource("1_yxgb1")
size = Vector3(1, 4, 2)
