[gd_scene load_steps=2 format=3 uid="uid://ck2gl8m6w1mct"]

[ext_resource type="Material" uid="uid://bk1jki3qc31vu" path="res://textures/resources/CSG.tres" id="1_q7dvh"]

[node name="minitile_1x5_1" type="Node3D"]

[node name="CSGBox3D" type="CSGBox3D" parent="."]
transform = Transform3D(1, 0, 0, 0, 1, 0, 0, 0, 1, 0, -25, 0)
size = Vector3(8, 50, 40)
material = ExtResource("1_q7dvh")

[node name="CSGBox3D6" type="CSGBox3D" parent="."]
transform = Transform3D(1, 0, 0, 0, 1, 0, 0, 0, 1, -2, 0.5, -10)
material_override = ExtResource("1_q7dvh")
size = Vector3(2, 1, 14)

[node name="CSGBox3D7" type="CSGBox3D" parent="."]
transform = Transform3D(1, 0, 0, 0, 1, 0, 0, 0, 1, -1, 1.5, -4)
material_override = ExtResource("1_q7dvh")
size = Vector3(4, 1, 2)

[node name="CSGBox3D8" type="CSGBox3D" parent="."]
transform = Transform3D(1, 0, 0, 0, 1, 0, 0, 0, 1, 0, 2.5, -7.5)
material_override = ExtResource("1_q7dvh")
size = Vector3(2, 1, 9)

[node name="CSGBox3D9" type="CSGBox3D" parent="."]
transform = Transform3D(1, 0, 0, 0, 1, 0, 0, 0, 1, 1, 3.5, -11)
material_override = ExtResource("1_q7dvh")
size = Vector3(4, 1, 2)

[node name="CSGBox3D10" type="CSGBox3D" parent="."]
transform = Transform3D(1, 0, 0, 0, 1, 0, 0, 0, 1, 2, 4.5, -8.5)
material_override = ExtResource("1_q7dvh")
size = Vector3(2, 1, 7)

[node name="CSGBox3D11" type="CSGBox3D" parent="."]
transform = Transform3D(1, 0, 0, 0, 1, 0, 0, 0, 1, 0.5, 5.5, -6)
material_override = ExtResource("1_q7dvh")
size = Vector3(5, 1, 2)

[node name="CSGBox3D12" type="CSGBox3D" parent="."]
transform = Transform3D(1, 0, 0, 0, 1, 0, 0, 0, 1, -1, 6.5, 3.5)
material_override = ExtResource("1_q7dvh")
size = Vector3(2, 1, 21)

[node name="CSGBox3D13" type="CSGBox3D" parent="."]
transform = Transform3D(1, 0, 0, 0, 1, 0, 0, 0, 1, 0.5, 7.5, 13)
material_override = ExtResource("1_q7dvh")
size = Vector3(5, 1, 2)

[node name="CSGBox3D14" type="CSGBox3D" parent="."]
transform = Transform3D(1, 0, 0, 0, 1, 0, 0, 0, 1, 2, 8.5, 11)
material_override = ExtResource("1_q7dvh")
size = Vector3(2, 1, 6)

[node name="CSGBox3D15" type="CSGBox3D" parent="."]
transform = Transform3D(1, 0, 0, 0, 1, 0, 0, 0, 1, -0.5, 9.5, 9)
material_override = ExtResource("1_q7dvh")
size = Vector3(7, 1, 2)
