[gd_scene load_steps=2 format=3 uid="uid://sglkvjgvd38m"]

[ext_resource type="Material" uid="uid://bk1jki3qc31vu" path="res://textures/resources/CSG.tres" id="1_348ey"]

[node name="minitile_3x3_1" type="Node3D"]

[node name="CSGBox3D" type="CSGBox3D" parent="."]
transform = Transform3D(1, 0, 0, 0, 1, 0, 0, 0, 1, 0, -25, 0)
material_override = ExtResource("1_348ey")
size = Vector3(24, 50, 24)

[node name="CSGBox3D2" type="CSGBox3D" parent="."]
transform = Transform3D(1, 0, 0, 0, 1, 0, 0, 0, 1, -7.5, 1, -2.5)
material_override = ExtResource("1_348ey")
size = Vector3(1, 2, 9)

[node name="CSGBox3D3" type="CSGBox3D" parent="."]
transform = Transform3D(1, 0, 0, 0, 1, 0, 0, 0, 1, -6.5, 3.5, 1)
material_override = ExtResource("1_348ey")
size = Vector3(1, 7, 2)

[node name="CSGBox3D4" type="CSGBox3D" parent="."]
transform = Transform3D(1, 0, 0, 0, 1, 0, 0, 0, 1, -5.5, 6, -3.5)
material_override = ExtResource("1_348ey")
size = Vector3(1, 2, 11)

[node name="CSGBox3D5" type="CSGBox3D" parent="."]
transform = Transform3D(1, 0, 0, 0, 1, 0, 0, 0, 1, -4.5, 3.5, -8)
material_override = ExtResource("1_348ey")
size = Vector3(1, 7, 2)

[node name="CSGBox3D6" type="CSGBox3D" parent="."]
transform = Transform3D(1, 0, 0, 0, 1, 0, 0, 0, 1, -3.5, 1, -5.5)
material_override = ExtResource("1_348ey")
size = Vector3(1, 2, 7)

[node name="CSGBox3D7" type="CSGBox3D" parent="."]
transform = Transform3D(1, 0, 0, 0, 1, 0, 0, 0, 1, -2.5, 3, -3)
material_override = ExtResource("1_348ey")
size = Vector3(1, 6, 2)

[node name="CSGBox3D8" type="CSGBox3D" parent="."]
transform = Transform3D(1, 0, 0, 0, 1, 0, 0, 0, 1, -1.5, 5, -5)
material_override = ExtResource("1_348ey")
size = Vector3(1, 2, 6)

[node name="CSGBox3D9" type="CSGBox3D" parent="."]
transform = Transform3D(1, 0, 0, 0, 1, 0, 0, 0, 1, -0.5, 3.5, -7)
material_override = ExtResource("1_348ey")
size = Vector3(1, 5, 2)

[node name="CSGBox3D10" type="CSGBox3D" parent="."]
transform = Transform3D(1, 0, 0, 0, 1, 0, 0, 0, 1, 0.5, 2, 0.5)
material_override = ExtResource("1_348ey")
size = Vector3(1, 2, 17)

[node name="CSGBox3D11" type="CSGBox3D" parent="."]
transform = Transform3D(1, 0, 0, 0, 1, 0, 0, 0, 1, 1.5, 6.5, 8)
material_override = ExtResource("1_348ey")
size = Vector3(1, 11, 2)

[node name="CSGBox3D12" type="CSGBox3D" parent="."]
transform = Transform3D(1, 0, 0, 0, 1, 0, 0, 0, 1, 2.5, 11, 5.5)
material_override = ExtResource("1_348ey")
size = Vector3(1, 2, 7)

[node name="CSGBox3D13" type="CSGBox3D" parent="."]
transform = Transform3D(1, 0, 0, 0, 1, 0, 0, 0, 1, 3.5, 8, 3)
material_override = ExtResource("1_348ey")
size = Vector3(1, 8, 2)

[node name="CSGBox3D14" type="CSGBox3D" parent="."]
transform = Transform3D(1, 0, 0, 0, 1, 0, 0, 0, 1, 4.5, 5, 0.5)
material_override = ExtResource("1_348ey")
size = Vector3(1, 2, 7)

[node name="CSGBox3D15" type="CSGBox3D" parent="."]
transform = Transform3D(1, 0, 0, 0, 1, 0, 0, 0, 1, 5.5, 4, -2)
material_override = ExtResource("1_348ey")
size = Vector3(1, 4, 2)

[node name="CSGBox3D16" type="CSGBox3D" parent="."]
transform = Transform3D(1, 0, 0, 0, 1, 0, 0, 0, 1, 6.5, 3, 2)
material_override = ExtResource("1_348ey")
size = Vector3(1, 2, 10)

[node name="CSGBox3D17" type="CSGBox3D" parent="."]
transform = Transform3D(1, 0, 0, 0, 1, 0, 0, 0, 1, 7.5, 5, 6)
material_override = ExtResource("1_348ey")
size = Vector3(1, 6, 2)

[node name="CSGBox3D18" type="CSGBox3D" parent="."]
transform = Transform3D(1, 0, 0, 0, 1, 0, 0, 0, 1, 8.5, 7, 7.5)
material_override = ExtResource("1_348ey")
size = Vector3(1, 2, 5)

[node name="CSGBox3D19" type="CSGBox3D" parent="."]
transform = Transform3D(1, 0, 0, 0, 1, 0, 0, 0, 1, 9.5, 4, 9)
material_override = ExtResource("1_348ey")
size = Vector3(1, 8, 2)
