[gd_scene load_steps=2 format=3 uid="uid://dciw7qhrce2dq"]

[ext_resource type="Material" uid="uid://bk1jki3qc31vu" path="res://textures/resources/CSG.tres" id="1_7lr3v"]

[node name="minitile_2x3_1" type="Node3D"]

[node name="CSGBox3D" type="CSGBox3D" parent="."]
transform = Transform3D(1, 0, 0, 0, 1, 0, 0, 0, 1, 0, -25, 0)
material_override = ExtResource("1_7lr3v")
size = Vector3(16, 50, 24)

[node name="CSGBox3D2" type="CSGBox3D" parent="."]
transform = Transform3D(1, 0, 0, 0, 1, 0, 0, 0, 1, -7, 5, 3)
material_override = ExtResource("1_7lr3v")
size = Vector3(2, 10, 8)

[node name="CSGBox3D3" type="CSGBox3D" parent="."]
transform = Transform3D(1, 0, 0, 0, 1, 0, 0, 0, 1, -7, 7.5, -7.5)
material_override = ExtResource("1_7lr3v")
size = Vector3(2, 15, 1)

[node name="CSGBox3D4" type="CSGBox3D" parent="."]
transform = Transform3D(1, 0, 0, 0, 1, 0, 0, 0, 1, -7, 9.5, -4)
material_override = ExtResource("1_7lr3v")
size = Vector3(2, 1, 6)

[node name="CSGBox3D5" type="CSGBox3D" parent="."]
transform = Transform3D(1, 0, 0, 0, 1, 0, 0, 0, 1, -2, 8.5, 3)
material_override = ExtResource("1_7lr3v")
size = Vector3(8, 1, 2)

[node name="CSGBox3D11" type="CSGBox3D" parent="."]
transform = Transform3D(1, 0, 0, 0, 1, 0, 0, 0, 1, 0, 4.5, -7)
material_override = ExtResource("1_7lr3v")
size = Vector3(8, 1, 2)

[node name="CSGBox3D12" type="CSGBox3D" parent="."]
transform = Transform3D(1, 0, 0, 0, 1, 0, 0, 0, 1, -2, 2, -7)
material_override = ExtResource("1_7lr3v")
size = Vector3(4, 4, 2)

[node name="CSGBox3D6" type="CSGBox3D" parent="."]
transform = Transform3D(1, 0, 0, 0, 1, 0, 0, 0, 1, 2.5, 11.5, 3)
material_override = ExtResource("1_7lr3v")
size = Vector3(1, 5, 2)

[node name="CSGBox3D7" type="CSGBox3D" parent="."]
transform = Transform3D(1, 0, 0, 0, 1, 0, 0, 0, 1, 5, 4.5, 3)
material_override = ExtResource("1_7lr3v")
size = Vector3(6, 9, 2)

[node name="CSGBox3D8" type="CSGBox3D" parent="."]
transform = Transform3D(1, 0, 0, 0, 1, 0, 0, 0, 1, 5, 4.5, -1)
material_override = ExtResource("1_7lr3v")
size = Vector3(2, 1, 6)

[node name="CSGBox3D13" type="CSGBox3D" parent="."]
transform = Transform3D(1, 0, 0, 0, 1, 0, 0, 0, 1, -2, 3.5, 2)
material_override = ExtResource("1_7lr3v")
size = Vector3(2, 1, 16)

[node name="CSGBox3D14" type="CSGBox3D" parent="."]
transform = Transform3D(1, 0, 0, 0, 1, 0, 0, 0, 1, -2, 1.5, 9.5)
material_override = ExtResource("1_7lr3v")
size = Vector3(2, 3, 1)

[node name="CSGBox3D9" type="CSGBox3D" parent="."]
transform = Transform3D(1, 0, 0, 0, 1, 0, 0, 0, 1, 5, 7.5, -4.5)
material_override = ExtResource("1_7lr3v")
size = Vector3(2, 3, 1)

[node name="CSGBox3D10" type="CSGBox3D" parent="."]
transform = Transform3D(1, 0, 0, 0, 1, 0, 0, 0, 1, 5, 3, -7)
material_override = ExtResource("1_7lr3v")
size = Vector3(2, 6, 6)

[node name="CSGBox3D15" type="CSGBox3D" parent="."]
transform = Transform3D(1, 0, 0, 0, 1, 0, 0, 0, 1, -7, 14.5, -6)
material_override = ExtResource("1_7lr3v")
size = Vector3(2, 1, 2)

[node name="CSGBox3D16" type="CSGBox3D" parent="."]
transform = Transform3D(1, 0, 0, 0, 1, 0, 0, 0, 1, 4, 13.5, 3)
material_override = ExtResource("1_7lr3v")
size = Vector3(2, 1, 2)

[node name="CSGBox3D17" type="CSGBox3D" parent="."]
transform = Transform3D(1, 0, 0, 0, 1, 0, 0, 0, 1, 5, 8.5, -6)
material_override = ExtResource("1_7lr3v")
size = Vector3(2, 1, 2)
