[gd_scene load_steps=2 format=3 uid="uid://cri3ket7mtfhi"]

[ext_resource type="Material" uid="uid://bk1jki3qc31vu" path="res://textures/resources/CSG.tres" id="3_1im4o"]

[node name="minitile_1x2_1" type="Node3D"]

[node name="CSGBox3D3" type="CSGBox3D" parent="."]
transform = Transform3D(1, 0, 0, 0, 1, 0, 0, 0, 1, 0.499998, 8.5, 9.53674e-07)
size = Vector3(3, 1, 6)
material = ExtResource("3_1im4o")

[node name="CSGBox3D5" type="CSGBox3D" parent="."]
transform = Transform3D(1, 0, 0, 0, 1, 0, 0, 0, 1, 0.499998, 3.5, -2)
size = Vector3(3, 1, 10)
material = ExtResource("3_1im4o")

[node name="CSGBox3D8" type="CSGBox3D" parent="."]
transform = Transform3D(1, 0, 0, 0, 1, 0, 0, 0, 1, 0.499998, 1.5, 2.5)
size = Vector3(3, 3, 1)
material = ExtResource("3_1im4o")

[node name="CSGBox3D9" type="CSGBox3D" parent="."]
transform = Transform3D(1, 0, 0, 0, 1, 0, 0, 0, 1, 0.499998, 1.5, -6.5)
size = Vector3(3, 3, 1)
material = ExtResource("3_1im4o")

[node name="CSGBox3D10" type="CSGBox3D" parent="."]
transform = Transform3D(1, 0, 0, 0, 1, 0, 0, 0, 1, 2.5, 2, -1.5)
size = Vector3(1, 4, 3)
material = ExtResource("3_1im4o")

[node name="CSGBox3D11" type="CSGBox3D" parent="."]
transform = Transform3D(1, 0, 0, 0, 1, 0, 0, 0, 1, -1.5, 2, -5.5)
size = Vector3(1, 4, 3)
material = ExtResource("3_1im4o")

[node name="CSGBox3D4" type="CSGBox3D" parent="."]
transform = Transform3D(1, 0, 0, 0, 1, 0, 0, 0, 1, 0.499998, 10, -2.5)
size = Vector3(3, 2, 1)
material = ExtResource("3_1im4o")

[node name="CSGBox3D13" type="CSGBox3D" parent="."]
transform = Transform3D(1, 0, 0, 0, 1, 0, 0, 0, 1, 0.499998, 20, -2.5)
size = Vector3(3, 2, 1)
material = ExtResource("3_1im4o")

[node name="CSGBox3D21" type="CSGBox3D" parent="."]
transform = Transform3D(1, 0, 0, 0, 1, 0, 0, 0, 1, 0.499998, 26, -2.5)
size = Vector3(3, 2, 1)
material = ExtResource("3_1im4o")

[node name="CSGBox3D15" type="CSGBox3D" parent="."]
transform = Transform3D(1, 0, 0, 0, 1, 0, 0, 0, 1, 0.499998, 24.5, 5.5)
size = Vector3(3, 1, 1)
material = ExtResource("3_1im4o")

[node name="CSGBox3D17" type="CSGBox3D" parent="."]
transform = Transform3D(1, 0, 0, 0, 1, 0, 0, 0, 1, 0.499998, 15, 5.5)
size = Vector3(3, 2, 1)
material = ExtResource("3_1im4o")

[node name="CSGBox3D18" type="CSGBox3D" parent="."]
transform = Transform3D(1, 0, 0, 0, 1, 0, 0, 0, 1, 0.499998, 22, 5.5)
size = Vector3(3, 2, 1)
material = ExtResource("3_1im4o")

[node name="CSGBox3D12" type="CSGBox3D" parent="."]
transform = Transform3D(1, 0, 0, 0, 1, 0, 0, 0, 1, 0.499998, 13.5, 3)
size = Vector3(3, 1, 6)
material = ExtResource("3_1im4o")

[node name="CSGBox3D14" type="CSGBox3D" parent="."]
transform = Transform3D(1, 0, 0, 0, 1, 0, 0, 0, 1, 0.499998, 18.5, 9.53674e-07)
size = Vector3(3, 1, 6)
material = ExtResource("3_1im4o")

[node name="CSGBox3D19" type="CSGBox3D" parent="."]
transform = Transform3D(1, 0, 0, 0, 1, 0, 0, 0, 1, 0.499998, 28.5, -2.5)
size = Vector3(3, 1, 1)
material = ExtResource("3_1im4o")

[node name="CSGBox3D20" type="CSGBox3D" parent="."]
transform = Transform3D(1, 0, 0, 0, 1, 0, 0, 0, 1, 0.499998, 27.5, 9.53674e-07)
size = Vector3(3, 1, 6)
material = ExtResource("3_1im4o")

[node name="CSGBox3D16" type="CSGBox3D" parent="."]
transform = Transform3D(1, 0, 0, 0, 1, 0, 0, 0, 1, 0.499998, 23.5, 3)
size = Vector3(3, 1, 6)
material = ExtResource("3_1im4o")

[node name="CSGBox3D6" type="CSGBox3D" parent="."]
transform = Transform3D(1, 0, 0, 0, 1, 0, 0, 0, 1, -1.5, 14, 1.5)
size = Vector3(1, 28, 3)
material = ExtResource("3_1im4o")

[node name="CSGBox3D7" type="CSGBox3D" parent="."]
transform = Transform3D(1, 0, 0, 0, 1, 0, 0, 0, 1, 2.5, 14, 1.5)
size = Vector3(1, 28, 3)
material = ExtResource("3_1im4o")

[node name="CSGBox3D" type="CSGBox3D" parent="."]
transform = Transform3D(1, 0, 0, 0, 1, 0, 0, 0, 1, 0, -25, 0)
size = Vector3(8, 50, 16)
material = ExtResource("3_1im4o")
