[gd_scene load_steps=2 format=3 uid="uid://dvyerv3yjw13o"]

[ext_resource type="Material" uid="uid://bk1jki3qc31vu" path="res://textures/resources/CSG.tres" id="1_vbraw"]

[node name="minitile_1x5_1" type="Node3D"]

[node name="CSGBox3D" type="CSGBox3D" parent="."]
transform = Transform3D(1, 0, 0, 0, 1, 0, 0, 0, 1, 0, -25, 0)
size = Vector3(8, 50, 40)
material = ExtResource("1_vbraw")

[node name="CSGBox3D11" type="CSGBox3D" parent="."]
transform = Transform3D(1, 0, 0, 0, 1, 0, 0, 0, 1, 0, 4.5, 3.5)
size = Vector3(4, 1, 25)
material = ExtResource("1_vbraw")

[node name="CSGBox3D13" type="CSGBox3D" parent="."]
transform = Transform3D(1, 0, 0, 0, 1, 0, 0, 0, 1, 0, 8.5, 0.5)
size = Vector3(4, 1, 25)
material = ExtResource("1_vbraw")

[node name="CSGBox3D12" type="CSGBox3D" parent="."]
transform = Transform3D(1, 0, 0, 0, 1, 0, 0, 0, 1, -1.5, 6.5, -3.5)
size = Vector3(1, 3, 11)
material = ExtResource("1_vbraw")

[node name="CSGBox3D19" type="CSGBox3D" parent="."]
transform = Transform3D(1, 0, 0, 0, 1, 0, 0, 0, 1, -1.5, 11, -10.5)
size = Vector3(1, 4, 3)
material = ExtResource("1_vbraw")

[node name="CSGBox3D22" type="CSGBox3D" parent="."]
transform = Transform3D(1, 0, 0, 0, 1, 0, 0, 0, 1, 1.5, 4, -10.5)
size = Vector3(1, 8, 3)
material = ExtResource("1_vbraw")

[node name="CSGBox3D20" type="CSGBox3D" parent="."]
transform = Transform3D(1, 0, 0, 0, 1, 0, 0, 0, 1, -1.5, 14.5, 11.5)
size = Vector3(1, 3, 3)
material = ExtResource("1_vbraw")

[node name="CSGBox3D23" type="CSGBox3D" parent="."]
transform = Transform3D(1, 0, 0, 0, 1, 0, 0, 0, 1, 1.5, 6.5, 0.5)
size = Vector3(1, 3, 3)
material = ExtResource("1_vbraw")

[node name="CSGBox3D24" type="CSGBox3D" parent="."]
transform = Transform3D(1, 0, 0, 0, 1, 0, 0, 0, 1, 1.5, 6.5, 9.5)
size = Vector3(1, 3, 7)
material = ExtResource("1_vbraw")

[node name="CSGBox3D25" type="CSGBox3D" parent="."]
transform = Transform3D(1, 0, 0, 0, 1, 0, 0, 0, 1, 1.5, 10.5, 0.5)
size = Vector3(1, 3, 3)
material = ExtResource("1_vbraw")

[node name="CSGBox3D26" type="CSGBox3D" parent="."]
transform = Transform3D(1, 0, 0, 0, 1, 0, 0, 0, 1, -1.5, 10.5, 11.5)
size = Vector3(1, 3, 3)
material = ExtResource("1_vbraw")

[node name="CSGBox3D21" type="CSGBox3D" parent="."]
transform = Transform3D(1, 0, 0, 0, 1, 0, 0, 0, 1, -1.5, 13.5, 14.5)
size = Vector3(1, 1, 3)
material = ExtResource("1_vbraw")

[node name="CSGBox3D28" type="CSGBox3D" parent="."]
transform = Transform3D(1, 0, 0, 0, 1, 0, 0, 0, 1, 1.5, 17.5, -2)
size = Vector3(1, 1, 20)
material = ExtResource("1_vbraw")

[node name="CSGBox3D29" type="CSGBox3D" parent="."]
transform = Transform3D(1, 0, 0, 0, 1, 0, 0, 0, 1, -1.5, 18, 8)
size = Vector3(1, 2, 10)
material = ExtResource("1_vbraw")

[node name="CSGBox3D27" type="CSGBox3D" parent="."]
transform = Transform3D(1, 0, 0, 0, 1, 0, 0, 0, 1, 1.5, 15, 14.5)
size = Vector3(1, 4, 3)
material = ExtResource("1_vbraw")

[node name="CSGBox3D14" type="CSGBox3D" parent="."]
transform = Transform3D(1, 0, 0, 0, 1, 0, 0, 0, 1, 0, 12.5, 3.5)
size = Vector3(4, 1, 25)
material = ExtResource("1_vbraw")

[node name="CSGBox3D15" type="CSGBox3D" parent="."]
transform = Transform3D(1, 0, 0, 0, 1, 0, 0, 0, 1, 0, 16.5, 0.5)
size = Vector3(4, 1, 25)
material = ExtResource("1_vbraw")

[node name="CSGBox3D16" type="CSGBox3D" parent="."]
transform = Transform3D(1, 0, 0, 0, 1, 0, 0, 0, 1, 1.5, 14.5, -3.5)
size = Vector3(1, 3, 11)
material = ExtResource("1_vbraw")

[node name="CSGBox3D17" type="CSGBox3D" parent="."]
transform = Transform3D(1, 0, 0, 0, 1, 0, 0, 0, 1, 0, 11.5, 17.5)
size = Vector3(4, 23, 3)
material = ExtResource("1_vbraw")

[node name="CSGBox3D18" type="CSGBox3D" parent="."]
transform = Transform3D(1, 0, 0, 0, 1, 0, 0, 0, 1, 0, 4.5, -16.5)
size = Vector3(4, 9, 1)
material = ExtResource("1_vbraw")

[node name="CSGBox3D30" type="CSGBox3D" parent="."]
transform = Transform3D(1, 0, 0, 0, 1, 0, 0, 0, 1, 0, 8.5, -12.5)
size = Vector3(4, 17, 1)
material = ExtResource("1_vbraw")
